%% This BibTeX bibliography file was created using BibDesk.
%% http://bibdesk.sourceforge.net/


%% Created for Jens Keiner at 2005-10-04 17:09:27 +0200 


%% Saved with string encoding ASCII (TeX) 



@book{cite-key,
	Date-Added = {2005-10-04 14:45:21 +0200},
	Date-Modified = {2005-10-04 15:19:06 +0200}}

@inproceedings{abst,
	Address = {Washington, D.C.},
	Author = {F. W. J. Olver},
	Booktitle = {Handbook of Mathematical Functions},
	Date-Added = {2005-09-26 19:53:37 +0200},
	Date-Modified = {2005-09-27 17:20:51 +0200},
	Editor = {M. Abramowitz and I. A. Stegun},
	Pages = {374 -- 379},
	Publisher = {National Bureau of Standards},
	Title = {{Bessel Functions of Integer Order}},
	Year = {1972}}

@misc{gsl,
	Date-Added = {2005-09-26 10:53:30 +0200},
	Date-Modified = {2005-09-27 19:11:18 +0200},
	Key = {gsl},
	Lastchecked = {26.09.2005},
	Note = {http://www.gnu.org/software/gsl/},
	Title = {{GSL - The GNU Scientific Library}}}

@article{BaGr04,
	Author = {R.F. Bass and K. Gr\"ochenig},
	Journal = {{\rm SIAM} J. Math. Anal.},
	Pages = {773 -- 795},
	Title = {Random sampling of multivariate trigonometric polynomials},
	Volume = {36},
	Year = {2004}}

@article{GrSt04,
	Author = {D. Grishin and T. Strohmer},
	Journal = {Lin. Alg. Appl.},
	Pages = {99 -- 123},
	Title = {Fast multi-dimensional scattered data approximation with {N}eumann boundary conditions},
	Volume = {391},
	Year = {2004}}

@book{Wen05,
	Author = {Holger Wendland},
	Publisher = {Cambridge University Press},
	Title = {Scattered Data Approximation},
	Year = {2005}}

@article{MhPr00,
	Author = {H.N. Mhaskar and J. Prestin},
	Journal = {Adv. Comput. Math.},
	Pages = {95 -- 131},
	Title = {On the detection of singularities of a periodic function},
	Volume = {12},
	Year = {2000}}

@book{Chui88,
	Address = {Philadelphia},
	Author = {Charles K. Chui},
	Publisher = {SIAM},
	Title = {Multivariate Splines},
	Year = {1988}}

@article{CaFi,
	Author = {{Wolfgang zu} Castell and Frank Filbir},
	Date-Added = {2005-09-20 18:36:27 +0200},
	Date-Modified = {2005-09-20 18:37:51 +0200},
	Journal = {J. Approx. Theory},
	Pages = {65 - 79},
	Title = {Radial basis functions and corresponding zonal series expansions on the sphere},
	Volume = {134},
	Year = {2005}}

@article{KnKuPo,
	Author = {Tobias Knopp and Stefan Kunis and Daniel Potts},
	Journal = {Preprint, Univ. L\"ubeck, A-05-10},
	Note = {submitted},
	Title = {Fast Iterative Reconstruction for MRI},
	Year = {2005}}

@misc{qhull,
	Author = {C. Bradford Barber and Hannu Huhdanpaa},
	Note = {{\texttt{http://www.qhull.org}}},
	Title = {{Qhull, Softwarepackage}}}

@article{AnBe04,
	Author = {Fredrik Andersson and Gregory Beylkin},
	Journal = {J. Comput. Physics},
	Pages = {274 -- 286},
	Title = {The fast {G}auss transform with complex parameters},
	Volume = {203},
	Year = {2005}}

@phdthesis{Toft,
	Author = {Peter Toft},
	Note = {{\texttt{http://www.sslug.dk/\~{}pto}}},
	School = {Technical University of Denmark},
	Title = {{The Radon Transform - Theory and Implementation}},
	Year = {1996}}

@article{RaPrSiBoEg99,
	Author = {V. Rasche and R. Proksa and R. Sinkus and P. B\"ornert and H. Eggers},
	Journal = {{\rm IEEE} Trans. Med. Imag.},
	Pages = {385 -- 392},
	Title = {Resampling of data between arbitrary grids using convolution interpolation},
	Volume = {18},
	Year = {1999}}

@article{SaBeCo01,
	Author = {Gordon E. Sarty and Raoqiong Bennett and Robert W. Cox},
	Journal = {Magn. Reson. Med.},
	Pages = {908 -- 915},
	Title = {Direct Reconstruction of Non-Cartesian k-Space Data using a Nonuniform Fast {F}ourier Transform},
	Volume = {45},
	Year = {2001}}

@article{DeWaLe02,
	Author = {Bart Desplanques and Rik van de Walle and Ignace Lemahieu},
	Journal = {IEEE Transactions on Nuclear Science},
	Pages = {2268 -- 2273},
	Title = {Iterative reconstruction of magnetic resonance images from arbitrary samples in k-space},
	Volume = {49},
	Year = {2002}}

@article{LeGr05,
	Author = {June-Yub Lee and Leslie Greengard},
	Journal = {J. Comput. Physics},
	Title = {The type 3 nonuniform FFT and its applications},
	Year = {to appear}}

@article{GrLe04,
	Author = {Leslie Greengard and June-Yub Lee},
	Journal = {{\rm SIAM} Rev.},
	Pages = {443 -- 454},
	Title = {Accelerating the nonuniform fast {F}ourier transform},
	Volume = {46},
	Year = {2004}}

@article{kupo04,
	Author = {Stefan Kunis and Daniel Potts},
	Journal = {Preprint, Univ. L\"ubeck, A-04-12},
	Title = {Stability results for scattered data interpolation by trigonometric polynomials},
	Year = {2004}}

@article{YiBiZo,
	Author = {L. Ying and G. Biros and D. Zorin},
	Journal = {J. Comput. Physics},
	Title = {A kernel-independent adaptive fast multipole method in two and three dimensions},
	Year = {to appear}}

@article{BuZe04,
	Annote = {article},
	Author = {Hans-Joachim Bungartz and Michael Griebel},
	Journal = {Acta Numerica},
	Pages = {147 -- 269},
	Pdf = {http://wissrech.ins.uni-bonn.de/research/pub/griebel/ sparsegrids.pdf},
	Title = {Sparse grids},
	Volume = 13,
	Year = 2004}

@incollection{BaDe89,
	Address = {Basel},
	Author = {G. Baszenski and F.--J. Delvos},
	Booktitle = {Multivariate Approximation Theory IV},
	Editor = {C. K. Chui and W. Schempp and K. Zeller},
	Pages = {15--24},
	Publisher = {Birkh\"auser},
	Series = {ISNM 90},
	Title = {A Discrete {F}ourier Transform Scheme for {B}oolean Sums of Trigonometric Operators},
	Year = 1989}

@article{Halla92,
	Author = {Klaus Hallatschek},
	Journal = {Numer. Math.},
	Pages = {83-97},
	Title = {{Fouriertransformation auf d\"unnen Gittern mit hierarchischen Basen}},
	Volume = {63},
	Year = {1992}}

@misc{Franke.Daten,
	Author = {Richard Franke},
	Howpublished = {http://www.math.nps.navy.mil/\~{}rfranke/README}}

@article{Alekseev,
	Author = {V.G. Alekseev},
	Journal = {Theory Probab. Appl.},
	Pages = {137 -- 143},
	Title = {{Jackson-- and Jackson--Vallee Poussin-type kernels and their probability applications}},
	Volume = {41},
	Year = {1993}}

@book{Zy,
	Author = {A. Zygmund},
	Publisher = {Cambridge University press},
	Title = {Trigonometric Series},
	Year = {1993}}

@article{NaSiWa98,
	Author = {F. J. Narcowich and N. Sivakumar and J. D. Ward},
	Journal = {Adv. Comput. Math.},
	Pages = {137 -- 163},
	Title = {Stability Results for Scattered-Data Interpolation on Euclidean Spheres},
	Volume = {8},
	Year = {1998}}

@book{GoLo89,
	Author = {Gene H. Golub and Charles F. van Loan},
	Edition = {Second},
	Publisher = {University Press},
	Title = {Matrix Computations},
	Year = {1993}}

@book{Jerri98,
	Author = {Abdula J. Jerri},
	Publisher = {Kluwer},
	Title = {The Gibbs Phenomenon in Fourier Analysis, Splines and Wavelet Approximations},
	Year = {1998}}

@inbook{Stark,
	Author = {Henry Stark},
	Chapter = {Polar, Spiral, and Generalized Sampling and Interpolation},
	Ealtditor = {Robert J. Marks},
	Pages = {185 -- 218},
	Publisher = {Springer-Verlag},
	Title = {Advanced Topic in Shannon Sampling and Interpolation Theory},
	Year = {1993}}

@article{TadTa03,
	Author = {E. Tadmor and J. Tanner},
	Journal = {Foundations of Computational Mathematics},
	Optvolume = {2},
	Pages = {155 -- 189},
	Title = {Adaptive mollifiers -- high resolution recovery of piecewise smooth data from its spectral information},
	Year = {2002}}

@book{BerBo,
	Author = {Mario Bertero and Patrizia Boccacci},
	Publisher = {IOP Publishing},
	Title = {Introduction to Inverse Problems in Imaging},
	Year = {1998}}

@misc{Kudipl,
	Author = {Stefan Kunis},
	Howpublished = {Diplomarbeit},
	Title = {Iterative Fourier-Rekonstruktion},
	Year = {2003}}

@article{weller03,
	Author = {U. Weller and D. Potts and M. Zipprich and W. zu Castell and S. Kunis and M. Sommer and M. Wehrhan},
	Journal = {Preprint GSF},
	Note = {submitted},
	Title = {{An application of fast wavelet decomposition of scattered data with EMI data}},
	Year = {2003}}

@article{MhNaWa01,
	Author = {H.N. Mhaskar and F.J. Narcowich and J. Ward},
	Journal = {Math. Comp.},
	Pages = {1113 -- 1130},
	Title = {Spherical {Marcinkiewicz-Zygmund} Inequalities and Positive Quadrature},
	Volume = {70},
	Year = {2001}}

@article{MhNaSiWa03,
	Author = {H.N. Mhaskar and F.J. Narcowich and N. Sivakumar and J. Ward},
	Journal = {Proc. Amer. Math. Soc.},
	Note = {accepted},
	Title = {Approximation with interpolatory constraints},
	Year = 2003}

@article{MhNaPrWa00,
	Author = {H.N. Mhaskar and F.J. Narcowich and J. Prestin and D.J. Ward},
	Journal = {Adv. Comput. Math.},
	Pages = {387 -- 403},
	Title = {Polynomial frames on the sphere},
	Volume = {13},
	Year = {2000}}

@inproceedings{PoPoe03,
	Author = {Gisela P\"oplau and Daniel Potts},
	Booktitle = {Proceedings of SPIE: Advanced Signal Processing Algorithms, Architectures and Implementations XIII},
	Editor = {F.T. Luk},
	Title = {{Fast Poisson solvers on nonequispaced grids: Multigrid and Fourier methods compared}},
	Volume = {5205},
	Year = {2003}}

@article{Hanke01,
	Author = {Martin Hanke},
	Journal = {BIT},
	Pages = {1008-1018},
	Title = {On {L}anczos based methods for the regularization of discrete ill-posed problems},
	Volume = {41},
	Year = {2001}}

@article{BaGr03,
	Author = {R.F. Bass and K. Gr\"ochenig},
	Journal = {{\rm SIAM} J. Math. Anal.},
	Pages = {773 -- 795},
	Title = {Random sampling of multivariate trigonometric polynomials},
	Volume = {36},
	Year = {2004}}

@article{Groechenig93,
	Author = {K. Gr\"ochenig},
	Journal = {Lin. Alg. Appl.},
	Pages = {129 -- 150},
	Title = {A discrete theory of irregular sampling},
	Volume = {193},
	Year = {1993}}

@inproceedings{Strohmer99,
	Author = {T. Strohmer},
	Booktitle = {{IEEE Proc. Int. Conf. Acoustic, Speech, and Signal Processing}},
	Pages = {2047 -- 2050},
	Title = {On the estimation of the bandwidth of nonuniformly sampled signals},
	Volume = {4},
	Year = {1999}}

@article{Strohmer97,
	Author = {T. Strohmer},
	Journal = {IEEE Trans. Image Proc.},
	Pages = {540 -- 548},
	Title = {Computationally Attractive Reconstruction of Band-Limited Images from Irregular Samples},
	Volume = {6},
	Year = {1997}}

@book{NaWue00,
	Address = {Philadelphia},
	Author = {Frank Natterer and Frank W\"ubbeling},
	Publisher = {SIAM},
	Title = {{Mathematical Methods in Image Reconstruction}},
	Year = {2000}}

@book{Natterer86,
	Author = {F. Natterer},
	Publisher = {John Wiley \& Sons Ltd},
	Title = {The Mathematics of Computerized Tomography},
	Year = {1986}}

@book{Louis89,
	Address = {Stuttgart},
	Author = {A.K. Louis},
	Publisher = {Teubner},
	Title = {Inverse und schlecht gestellte Probleme},
	Year = {1989}}

@article{SuNoFe03,
	Author = {B.P. Sutton and D.C. Noll and J.A. Fessler},
	Journal = {{\rm IEEE} Trans. Med. Imag.},
	Pages = {178 -- 188},
	Title = {Fast, iterative, field-corrected image reconstruction for {MRI} in the presence of field inhomogeneities},
	Volume = {22},
	Year = {2003}}

@article{MaFeKa04,
	Author = {S. Matej and J.A. Fessler and I.G. Kazantsev},
	Journal = {IEEE Trans. Med. Imag.},
	Pages = {401 -- 412},
	Title = {Iterative tomographic image reconstruction using {F}ourier-based forward and back- projectors},
	Volume = {23},
	Year = {2004}}

@inproceedings{SuFeNo01,
	Author = {B.P. Sutton and J.A. Fessler and D.C. Noll},
	Booktitle = {Proc. ISMRM 9th Scientific Meeting},
	Pages = {763},
	Title = {A min-max approach to the nonuniform {$N$}-dimensional {FFT} for rapid iterative reconstruction of {MR} images},
	Year = {2001}}

@article{FeSt03,
	Author = {Markus Fenn and Gabriele Steidl},
	Journal = {Sampling Theory in Signal and Image Processing},
	Optnote = {submitted},
	Pages = {1 -- 28},
	Title = {Fast {NFFT} based summation of radial functions},
	Volume = {3},
	Year = {2004}}

@article{SlWo00,
	Author = {Ian H. Sloan and Robert S. Womersley},
	Journal = {J. Approx. Theory},
	Pages = {91 -- 118},
	Title = {Constructive polynomial approximation on the sphere},
	Volume = {103},
	Year = {2000}}

@inproceedings{Poeplau95,
	Address = {Singapore},
	Author = {Gisela P\"oplau},
	Booktitle = {Approximation Theory VIII},
	Editor = {C.K. Chui and L.L. Schumaker},
	Pages = {325 -- 333},
	Publisher = {World Scientific Publishing, Inc.},
	Title = {{Fast direct solvers for PDE's in shift-inariant periodic spaces}},
	Year = {1995}}

@article{Poeplau96,
	Author = {Gisela P\"oplau},
	Journal = {University Rostock, Preprint 96/10},
	Title = {{Fast solvers for elliptic PDE's with radial basis functions}},
	Year = {1996}}

@article{wosl01,
	Author = {Robert S. Womersley and Ian H. Sloan},
	Journal = {Adv. Comput. Math.},
	Pages = {195 -- 226},
	Title = {How Good can Polynomial Interpolation on the Sphere be?},
	Volume = {14},
	Year = {2001}}

@book{Chandra89,
	Address = {Berlin},
	Author = {K. Chandrasenkharan},
	Publisher = {Spinger-Verlag},
	Title = {Classical Fourier Transforms},
	Year = {1989}}

@article{ChGoKaZa02,
	Author = {A. H. D. Cheng and M. A. Golberg and E. J. Kansa and T. Zammito},
	Journal = {Num. Meth. for Partial Diff. Equations},
	Title = {Exponential convergence and h-c multiquadric collocation method for partial differential equations},
	Year = {to appear}}

@article{MaNe90,
	Author = {W. R. Madych and S. A. Nelson},
	Journal = {Math. Comp.},
	Pages = {211 -- 230},
	Title = {Multivariate interpolation and conditionally positive definite functions {II}},
	Volume = {54},
	Year = {1990}}

@article{MaNe90b,
	Author = {W. R. Madych and S. A. Nelson},
	Journal = {J. Approx. Theory},
	Pages = {141 -- 161},
	Title = {Polyharmonic cardinal splines},
	Volume = {60},
	Year = {1990}}

@article{QuSiWa93,
	Author = {E. Quak and N. Shivakumar and J. D. Ward},
	Journal = {{\rm SIAM} J. Math. Anal.},
	Optnumber = {4},
	Pages = {1043 -- 1066},
	Title = {Least square approximation by radial functions},
	Volume = {24},
	Year = {1993}}

@article{Sch38,
	Author = {I. J. Schoenberg},
	Journal = {Ann. Math.},
	Pages = {811 -- 841},
	Title = {Metric spaces and completely monotone functions},
	Volume = {39},
	Year = {1938}}

@article{IsSo96,
	Author = {A. Iske and T. Sonar},
	Journal = {Numer. Math.},
	Pages = {177 -- 201},
	Title = {On the structure of function spaces in optimal recovery of point functionals for ENO--schemes by radial basis functions},
	Volume = {74},
	Year = {1996}}

@article{FlIs96,
	Author = {M. S. Floater and A. Iske},
	Journal = {J. Comput. alll. Math.},
	Pages = {65 -- 78},
	Title = {Multistep scattered data interpolation using compactly supported radial basis functions},
	Volume = {73},
	Year = {1996}}

@inproceedings{HaKhSa00,
	Address = {Berlin},
	Author = {Wolfgang Hackbusch and Boris N. Khoromskij and Stefan A. Sauter},
	Booktitle = {Lectures on applied mathematics},
	Editor = {Hans-Joachim Bungartz and Ronald H. W. Hoppe and Christoph Zenger},
	Pages = {9 -- 29},
	Publisher = {Springer-Verlag},
	Title = {On {${\cal H}^2$}-matrices},
	Year = {2000}}

@article{AvBaIs99,
	Author = {A. Averbuch and E. Barverman and M. Israeli},
	Journal = {{\rm SIAM} J. Sci. Comput.},
	Pages = {2237 -- 2260},
	Title = {A Fast Spectral Solver for 3-D {H}elmholtz Equation},
	Volume = {20},
	Year = {1999}}

@article{AvBaEpIs03,
	Author = {A. Averbuch and E. Barverman and B. Epstein and M. Israeli},
	Journal = {Preprint},
	Title = {A Fast Spectral Solver for Elliptic Equations},
	Year = {2003}}

@inproceedings{StWe02,
	Address = {Berlin},
	Author = {G. Steidl and J. Weickert},
	Booktitle = {Pattern Recognition, Lecture Notes in Computer Science},
	Editor = {L. Van Gool},
	Pages = {198 -- 205},
	Publisher = {Springe},
	Title = {Relations between soft wavelet shrinkage and total variation denoising},
	Year = {2002}}

@article{StSt02,
	Author = {D. Strauss and G. Steidl},
	Journal = {J. Comput. Appl. Math.},
	Pages = {375 -- 400},
	Title = {Hybrid wavelet-support vector classifiers of waveforms},
	Volume = {148},
	Year = {2002}}

@article{StWeBrMrWe03,
	Author = {G. Steidl and J. Weickert and T. Brox and P. Mr\'azek and M. Welk},
	Journal = {Preprint Univ. Bremen},
	Pages = {375 -- 400},
	Title = {On the equivalence of soft wavelet shrinkage, total variation diffusion, total variation regularization, and SIDEs},
	Year = {2003}}

@article{NgPo02,
	Author = {Michael K. Ng and Daniel Potts},
	Journal = {{\rm SIAM} J. Matrix Anal. Appl.},
	Pages = {581 -- 598},
	Title = {Fast Iterative methods for Sinc systems},
	Volume = {24},
	Year = {2002}}

@inproceedings{ChTa00,
	Author = {W. Chen and M. Tanaka},
	Booktitle = {Symposium of Japan Society for Computational Methods in Engineering (JASCOME) on BEM},
	Title = {Relationship between boundary integral equation and radial basis function},
	Year = {2000}}

@inproceedings{Schaback02,
	Address = {Vanderbilt Univ. Press},
	Author = {R. Schaback},
	Booktitle = {Approximation Theory X: Wavelets, Splines, and Applications},
	Editor = {C.K. Chui and L.L. Schumaker and J. St\"okler},
	Pages = {433 -- 440},
	Title = {Stability of Radial Basis Function Interpolants},
	Year = {2002}}

@article{BoLeSch02,
	Author = {M. Bozzini and L. Lenarduzzi and R. Schaback},
	Journal = {Adv. Comput. Math.},
	Pages = {375 -- 387},
	Title = {Adaptive Interpolation by Scaled Multiquadrics},
	Volume = {16},
	Year = {2002}}

@article{ChTa02,
	Author = {Wen Chen and M. Tanaka},
	Journal = {Comput. Math. Appl.},
	Pages = {379 -- 391},
	Title = {A meshless, integration-free, and boundary-only {RBF} technique},
	Volume = {43},
	Year = {2002}}

@article{SuBa03,
	Author = {Xiaobai Sun and Yujuan Bao},
	Journal = {{\rm SIAM} J. Matrix Anal. Appl.},
	Pages = {768 -- 786},
	Title = {A Kronecker Product Representation of the Fast {Gauss} Transform},
	Volume = {24},
	Year = {2003}}

@article{PlVa01,
	Author = {R. Plato and G. Vainikko},
	Journal = {Calcolo},
	Pages = {25 -- 48},
	Title = {On the fast and fully discretized solution of integral and pseudo-differential equations on smooth curves},
	Volume = {38},
	Year = {2001}}

@article{KaHo00,
	Author = {Edward J. Kansa and Y. C. Hon},
	Journal = {Comput. Math. Applic.},
	Pages = {123 -- 137},
	Title = {Circumventing the ill-conditioning problem with multiquadric radial basis functions: applications to elliptic partial differential equations},
	Volume = {39},
	Year = {2000}}

@article{Ka92,
	Author = {Edward J. Kansa},
	Journal = {Computers Math. Appl.},
	Optnumber = {5/6},
	Pages = {169 -- 190},
	Title = {Conservative spatial approximation scheme for the governing engineering and physics equations over irregular regions and inhomogenously scattered nodes},
	Volume = {24},
	Year = {1992}}

@article{Ka02,
	Author = {E. J. Kansa},
	Journal = {Preprint},
	Title = {Current radial basis function issues},
	Year = {2002}}

@article{NaSchWa00,
	Author = {F. J. Narcowich and R. Schaback and J. D. Ward},
	Journal = {Appl. Comput. Harmon. Anal.},
	Title = {Multilevel interpolation and approximation},
	Year = {to appear}}

@inproceedings{SchWen99,
	Address = {Southampton},
	Author = {Robert Schaback and Holger Wendland},
	Booktitle = {Boundary Element Technology XIII},
	Editor = {C. S. Chen and C. A. Brebbia and D. W. Pepper},
	Pages = {311 -- 324},
	Publisher = {WitPress},
	Title = {Using compactly supported radial basis functions to solve partial differential equations},
	Year = {1999}}

@article{Wen95,
	Author = {Holger Wendland},
	Journal = {Adv. Comput. Math.},
	Pages = {389 -- 396},
	Title = {Piecewise polynomial, positive definite and compactly supported radial basis functions of minimal degree},
	Year = {1995}}

@article{BeLiBi00,
	Author = {R. K. Beatson and W. A. Light and S. Billings},
	Journal = {{\rm SIAM} J. Sci. Comput.},
	Optvolume = {22},
	Pages = {1717 -- 1740},
	Title = {Fast solution of the radial basis function interpolation equations: {D}omain decomposition methods},
	Year = {2000}}

@article{HoMa99,
	Author = {Y. C. Hon and X. Z. Mao},
	Journal = {Financial Engineering},
	Optnumber = {1},
	Optpages = {31 -- 49},
	Optvolume = {8},
	Title = {A radial basis function method for solving options pricing model},
	Year = {1999}}

@article{HonChen03,
	Author = {Y. C. Hon and W. Chen},
	Journal = {Int. J. Numer. Meth. Engng},
	Title = {{Boundary knot method for 2D and 3D {H}elmholtz and convection -diffusion problems with complicated geometry}},
	Year = {to appear}}

@article{HoMa98,
	Author = {Y. C. Hon and X. Z. Mao},
	Journal = {Appl. Math. Comp.},
	Pages = {37 -- 50},
	Title = {An efficient numerical schema for Burger's equation},
	Volume = {95},
	Year = {1998}}

@article{LiCh93,
	Author = {Qing H. Liu and Weng Cho Chew},
	Journal = {Microwave and Optical Technology Letters},
	Pages = {101 -- 104},
	Title = {{A CG-FFHT method for the scattering solution of axisymmetric inhomogeneous media}},
	Volume = {2},
	Year = {1993}}

@article{Su,
	Author = {J.D. O'Sullivan},
	Journal = {{\rm IEEE} Trans. Med. Imag.},
	Pages = {200 -- 207},
	Title = {A fast sinc function gridding algorithm for {F}ourier inversion in computer tomography},
	Volume = {4},
	Year = {1985}}

@article{MoKa94,
	Author = {G. F. Moridis and E. J. Kansa},
	Journal = {J. Appl. Sci. Comput.},
	Pages = {375 -- 407},
	Title = {The Laplace transform multigrid method: a highly accurate scheme for the numerical solution of linear partial differential equations},
	Volume = {1},
	Year = {1994}}

@article{SchTi,
	Author = {H. Schomberg and J. Timmer},
	Journal = {{\rm IEEE} Trans. Med. Imag.},
	Pages = {596 -- 607},
	Title = {The gridding method for image reconstruction by {F}ourier transformation},
	Volume = {MI--14},
	Year = {1995}}

@article{HoScHZh03,
	Author = {Y. C. Hon and R. Schaback and X. Zhou},
	Journal = {Numer. Algo.},
	Title = {Adaptive Greedy Algorithms for Solving Large RBF Collocation Problems},
	Year = {to appear}}

@article{HoChMaKa99,
	Author = {Yiu Chung Hon and Kwok Fai Cheung and Xian Zhong Mao and Edward J. Kansa},
	Journal = {ASCE J. Hydraulic Engineering},
	Pages = {524 -- 533},
	Title = {Multiquadric solution for shallow water equations},
	Volume = {125},
	Year = {1999}}

@article{Zhongdiss,
	Author = {Mao Xian Zhong},
	Journal = {PhD thesis,City University of Hong Kong},
	Title = {Radial basis function method for solving differential equations},
	Year = {2001}}

@article{Be00,
	Author = {M. Bebendorf},
	Journal = {Numer. Math.},
	Pages = {565 -- 589},
	Title = {Approximation of boundary element matrices},
	Volume = {86},
	Year = {2000}}

@article{KaOk96,
	Author = {M. Katsuranda and H. Okamoto},
	Journal = {Comput. Math. Appl.},
	Pages = {123 -- 137},
	Title = {The collocation points of the fundamental solution method for potential problems},
	Volume = {31},
	Year = {1996}}

@article{KuAa64,
	Author = {V. D. Kupradze and M. A. Aleksidze},
	Journal = {U.S.S.R. Comput. Math. Math. Phys.},
	Note = {translation from Zh. Vychisl. Mat. Mat. Fiz. 4, 683-715 (1964)},
	Pages = {82 -- 126},
	Title = {The method of functional equations for the approximate solution of certain boundary value problems},
	Volume = {4},
	Year = {1964}}

@article{MuGoCh99,
	Author = {A. S. Muleshkov and M. A. Golberg and C. S. Chen},
	Journal = {Comput. Mech.},
	Pages = {411 -- 419},
	Title = {Particular solution of {H}elmholtz-type operators using higer order polyharmonic splines},
	Volume = {23},
	Year = {1999}}

@article{ChRa98,
	Author = {C. S. Chen and Y. F. Rashed},
	Journal = {Mech. Res. Comm.},
	Pages = {195 -- 201},
	Title = {Evaluation of thin plate spline particular solutions for {H}elmholtz-type operators for the {DRM}},
	Volume = {25},
	Year = {1998}}

@article{ChBrPo99,
	Author = {C. S. Chen and C. A. Brebbia and H. Power},
	Journal = {Commun. Numer. Methods Engrg.},
	Pages = {137 -- 150},
	Title = {Dual reciprocity method using compactly supported radial basis functions},
	Volume = {15},
	Year = {1999}}

@article{ChLaGr94,
	Author = {A. H. D. Cheng and O. Lafe and S. Grilli},
	Journal = {Eng. Anal. Boundary Elements},
	Pages = {303 -- 311},
	Title = {Dual reciprocity {BEM} based on global interpolation functions},
	Volume = {13},
	Year = {1994}}

@inproceedings{NaBr82,
	Address = {Southampton},
	Author = {D. Nardini and C. A. Brebbia},
	Booktitle = {Boundary element methods in engineering},
	Editor = {C. A. Brebbia},
	Pages = {312 -- 326},
	Publisher = {Springer Verlag},
	Title = {A new approach to free vibration analysis using boundary elements},
	Year = {1982}}

@article{FrSch98,
	Author = {C. Franke and R. Schaback},
	Journal = {Adv. Comput. Math.},
	Pages = {381 -- 399},
	Title = {Convergence Order Estimates of Meshless Collocation Methods using Radial Basis Functions},
	Volume = {8},
	Year = {1998}}

@article{Wu92,
	Author = {Z. Wu},
	Journal = {Approx. Theory Appl.},
	Pages = {1 -- 10},
	Title = {Hermite-Birkhoff interpolation od scattered data by radial basis functions},
	Volume = {8},
	Year = {1992}}

@article{LiJuZh95,
	Author = {W. K. Liu and S. Jun and Y. F. Zhang},
	Journal = {Internat. J. Numer. Methods Fluids},
	Pages = {1081 -- 1106},
	Title = {Reproducing kernel particel methods},
	Volume = {20},
	Year = {1995}}

@inproceedings{Fa97,
	Address = {Nashville},
	Author = {G. E. Fasshauer},
	Booktitle = {Surface fitting and multiresolution methods},
	Editor = {a- LeM\'ehaut\'e. and Ch. Rabut and L.L Schumaker},
	Pages = {131 -- 138},
	Publisher = {Vanderbilt University Press},
	Title = {Solving partial differential equations by collocation with radial basis functions},
	Year = {1997}}

@article{Fa99,
	Author = {G. E. Fasshauer},
	Journal = {Adv. Comp. Math.},
	Pages = {139 -- 159},
	Title = {Solving differential equations with radial basis functions: multilevel methods and smoothing},
	Volume = {11},
	Year = {1999}}

@article{Fr82,
	Author = {R. Franke},
	Journal = {Math. Comput.},
	Pages = {181 -- 200},
	Title = {Scattered data interpolation: tests of some methods},
	Volume = {48},
	Year = {1982}}

@article{We99,
	Author = {H. Wendland},
	Journal = {Math. Comput.},
	Pages = {1521 -- 1531},
	Title = {Meshless Galerkin approximation using radial basis functions},
	Volume = {68},
	Year = {1999}}

@article{LiOr80,
	Author = {T. Liska and J. Orkisz},
	Journal = {Comput. Struct.},
	Pages = {83 -- 95},
	Title = {The finite difference method at arbitrary irregular grids and its application in applied mechanics},
	Volume = {11},
	Year = {1980}}

@article{BaMe96,
	Author = {I. Babushka and J. M. Melenk},
	Journal = {Int. J. Num. Meth. Eng.},
	Pages = {727 -- 758},
	Title = {The partition of unity finite element method},
	Volume = {40},
	Year = {1997}}

@article{DuOd96,
	Author = {C. A. Duarte and J. T. Oden},
	Journal = {Numer. Methods Partial Differ. Equations},
	Pages = {673 -- 705},
	Title = {H-p clouds and h-p meshless methods},
	Volume = {12},
	Year = {1996}}

@article{NeSt95,
	Author = {H. Neunzert and J. Struckmeier},
	Journal = {Acta Numerica},
	Pages = {417 -- 457},
	Title = {Particle methods for the {B}oltzmann equation},
	Year = {1995}}

@article{Na80,
	Author = {K. Nanbu},
	Journal = {J. Phys. Soc. Japan},
	Pages = {20 -- 49},
	Title = {Direct simulation scheme derived from the {B}oltzmann equation},
	Volume = {49},
	Year = {1980}}

@article{Mo82,
	Author = {J. J. Monaghan},
	Journal = {{\rm SIAM} J. Sci. Statist. Comput.},
	Pages = {422 -- 433},
	Title = {Why particle methods work},
	Volume = {3},
	Year = {1982}}

@article{Mo77,
	Author = {J. J. Monaghan},
	Journal = {Comput. Phys. Comm.},
	Pages = {89 -- 96},
	Title = {An introduction to {SPH}},
	Volume = {48},
	Year = {1977}}

@article{Lu77,
	Author = {L. B. Lucy},
	Journal = {Astronomical J.},
	Pages = {1013 -- 1024},
	Title = {A numerical approach to the testing of the fission hypothesis},
	Volume = {82},
	Year = {1977}}

@article{PeKa75,
	Author = {N. Perrone and R. Kao},
	Journal = {Computers and Structures},
	Pages = {45 -- 58},
	Title = {A general finite difference method for arbitrary meshes},
	Volume = {5},
	Year = {1975}}

@article{FeSt02,
	Author = {Markus Fenn and Gabriele Steidl},
	Journal = {Preprint Universit\"at Mannheim},
	Title = {{FMM} and {H}-matrices: a short introduction to the basic idea},
	Year = {2002}}

@inproceedings{scsc,
	Author = {R. A. Scramek and F. R. Schwab},
	Booktitle = {Astronomical Society of the Pacific Conference},
	Editor = {R. Perley and F. R. Schwab and A. Bridle},
	Pages = {117 -- 138},
	Title = {Imaging},
	Volume = {6},
	Year = {1988}}

@incollection{Zeng91,
	Address = {Braunschweig},
	Author = {Zenger, Christoph},
	Booktitle = {Parallel algorithms for partial differential equations (Kiel, 1990)},
	Mrclass = {65N55 (65N30)},
	Mrnumber = {MR1167882},
	Pages = {241--251},
	Publisher = {Vieweg},
	Series = {Notes Numer. Fluid Mech.},
	Title = {Sparse grids},
	Volume = {31},
	Year = {1991}}

@article{Spr00,
	Author = {Frauke Sprengel},
	Journal = {Numer. Funct. Anal. Optim.},
	Pages = {273 -- 293},
	Title = {A Class of Function Spaces and Interpolation on Sparse Grids},
	Volume = {21},
	Year = {2000}}

@article{Spr01,
	Author = {Frauke Sprengel},
	Journal = {\rm GMD Report 142},
	Title = {Can We Use the Known Fast Spherical {F}ourier Transforms in Numerical Meteorology?}}

@article{CoTu65,
	Author = {J. W. Cooley and J. W. Tukey},
	Journal = {Math. Comput.},
	Pages = {297 -- 301},
	Title = {An algorithm for machine calculation of complex {F}ourier series},
	Volume = {19},
	Year = {1965}}

@article{HeiJoBu85,
	Author = {M. T. Heideman and D. H. Johnson and C. S. Burrus},
	Journal = {Arch. Hist. Exact Sci.},
	Pages = {265 -- 277},
	Title = {Gauss and the history of the fast {F}ourier transform},
	Volume = {34},
	Year = {1985}}

@book{Schabackbuch,
	Author = {Robert Schaback},
	Note = {Buchmanuskript},
	Title = {Reconstruction of Multivariate Functions from Scattered Data}}

@article{BrBrZi02,
	Author = {M. Bronstein and A. Bronstein and M. Zibulevsky},
	Journal = {Report, Israel Institute of Technology},
	Title = {{The non-uniform FFT and its applications}},
	Year = {2002}}

@article{BrBrZi02b,
	Author = {M. Bronstein and A. Bronstein and M. Zibulevsky},
	Journal = {IEEE Transactions on Medical Imaging},
	Note = {submitted},
	Title = {{Iterative reconstruction in diffraction tomography using non-uniform FFT}},
	Year = {2002}}

@article{Ba02,
	Author = {B.J.C. Baxter},
	Journal = {Comput. Math. Appl.},
	Pages = {305 -- 318},
	Title = {Preconditioned Conjugate Gradients, radial basis functions, and {T}oeplitz Matrices},
	Volume = {43},
	Year = {2002}}

@inproceedings{TaZe00,
	Address = {CRC Press, Boca Raton},
	Author = {M. Tasche and Hm. Zeuner},
	Booktitle = {Handbook of Analytic-Computational Methods in Applied Mathematics},
	Pages = {357 -- 406},
	Title = {Roundoff error analysis for fast trigonometric transforms},
	Year = {2000}}

@article{potts02A,
	Author = {Daniel Potts},
	Journal = {Adv. Comput. Math.},
	Pages = {21 -- 36},
	Title = {Approximation of scattered data by trigonometric polynomials on the torus and the 2-sphere},
	Year = {21}}

@article{boepo02,
	Author = {Martin B\"ohme and Daniel Potts},
	Journal = {Electron. Trans. Numer. Anal.},
	Pages = {70 -- 92},
	Title = {A Fast Algorithm for Filtering and Wavelet Decomposition on the Sphere},
	Volume = {16},
	Year = {2003}}

@misc{boehme02,
	Author = {Martin B\"ohme},
	Howpublished = {Diplomarbeit, Universit\"at zu L\"ubeck, Report B-02-08},
	Title = {A Fast Algorithm for Filtering and Wavelet Decomposition on the Sphere},
	Year = {2002}}

@article{bopo03,
	Author = {Martin B\"ohme and Daniel Potts},
	Journal = {Electron. Trans. Numer. Anal.},
	Pages = {70 -- 92},
	Title = {A Fast Algorithm for Filtering and Wavelet Decomposition on the Sphere},
	Volume = {16},
	Year = {2003}}

@misc{kunis01,
	Author = {Stefan Kunis},
	Howpublished = {Studienarbeit, Universit\"at zu L\"ubeck, Report B-02-01},
	Title = {{Schnelle Fourieralgorithmen auf der Sph\"are}},
	Year = {2002}}

@book{KakSla,
	Address = {New York},
	Author = {A. C. Kak and M. Slaney},
	Publisher = {IEEE Press},
	Title = {Principles of Computerized Tomographic Imaging},
	Year = {1987}}

@misc{klaver,
	Author = {W. Klaverkamp},
	Howpublished = {Dissertation, Universit\"at M\"unster},
	Title = {{Tomographische Bildrekonstruction mit direkten algebraischen Verfahren}},
	Year = {1991}}

@article{kruse,
	Author = {H. Kruse},
	Journal = {{\rm SIAM} J. Sci. Stat. Comput.},
	Pages = {447 -- 474},
	Title = {Resolution of Reconstruction Methods in Computerized Tomography},
	Volume = {10},
	Year = {1989}}

@article{PoSt02JFAA,
	Author = {Daniel Potts and Gabriele Steidl},
	Journal = {J. Fourier Anal. Appl.},
	Pages = {513 -- 533},
	Title = {Fourier reconstruction of functions from their nonstandard sampled {R}adon transform},
	Volume = {8},
	Year = {2002}}

@article{fepo02,
	Author = {Markus Fenn and Daniel Potts},
	Journal = {Numer. Linear Algebra Appl.},
	Pages = {161 -- 169},
	Title = {Fast summation based on fast trigonometric transforms at nonequispaced nodes},
	Volume = {12},
	Year = {2005}}

@article{Li01,
	Author = {Chunguang Li},
	Journal = {{\rm SIAM} J. Sci. Comput.},
	Pages = {2109 -- 2112},
	Title = {{CGNR} is an Error Reducing Algorithm},
	Volume = {22},
	Year = {2001}}

@book{Bj96,
	Address = {Philadelphia},
	Author = {A. Bj\"orck},
	Optnote = {{\AA}. Bj\"orck},
	Publisher = {SIAM},
	Title = {Numerical Methods for Least Squares Problems},
	Year = {1996}}

@article{Ya,
	Author = {P. Y. Yalamov},
	Journal = {Numer. Algorithms},
	Pages = {11 -- 20},
	Title = {Improvements of some bounds on the stability of fast {H}elmholtz solvers},
	Volume = {26},
	Year = {2001}}

@book{Hi,
	Address = {Philadelphia},
	Author = {N. J. Higham},
	Publisher = {SIAM},
	Title = {Accuracy and Stability of Numerical Algorithms},
	Year = {1996}}

@article{Ra,
	Author = {G. U. Ramos},
	Journal = {Math. Comput.},
	Pages = {757 -- 768},
	Title = {Roundoff error analysis of the fast {F}ourier transform},
	Volume = {25},
	Year = {1971}}

@article{FaKa98,
	Author = {Graeme Fairweather and Andreas Karageorghis},
	Journal = {Adv. Comput. Math.},
	Pages = {69 -- 95},
	Title = {The method of fundamental solutions for elliptic boundary value problems},
	Year = {1998}}

@book{GoChen97,
	Address = {Southampton},
	Author = {M. A. Golberg and Ching Shyang Chen},
	Publisher = {Computational Mechanics Publications},
	Title = {Discrete Projection Methods for Integral Equations},
	Year = {1997}}

@inproceedings{GoCh98,
	Author = {M. A. Golberg and C. S. Chen},
	Booktitle = {Boundary Integral Methods - Numerical and Mathematical Aspects},
	Editor = {M. A. Golberg},
	Pages = {103 -- 176},
	Series = {Computational Mechanics Publications},
	Title = {The method of fundamental solutions for potential, {H}elmholtz and diffusion problems},
	Year = {1998}}

@article{Ka90a,
	Author = {E. J. Kansa},
	Journal = {Comput. Math. Appl.},
	Pages = {127 -- 145},
	Title = {Multiquadrics- A scattered data approximation scheme with applications to computational fluid dynamics: I. Surface approximations and partial derivative estimates},
	Volume = {19},
	Year = {1990}}

@article{BeKrOrFlKr,
	Author = {T. Belytschko and Y. Krongauz and D. Organ and M. Fleming and P. Krysl},
	Journal = {Comput. Methods Appl. Mech. Eng.},
	Pages = {3 -- 47},
	Title = {Meshless Methods: An Overview and Recent Developments},
	Volume = {139},
	Year = {1996}}

@article{Ka90b,
	Author = {E. J. Kansa},
	Journal = {Comput. Math. Appl.},
	Pages = {147 -- 161},
	Title = {Multiquadrics - A scattered data approximation scheme with applications to computational fluid dynamics: {II}. Solutions to parabolic, hyperbolic, and elliptic partial differential equations},
	Volume = {19},
	Year = {1990}}

@inproceedings{OfStWe02,
	Address = {Austin},
	Author = {G. Of and O. Steinbach and W. L. Wendland},
	Booktitle = {Proceedings of IABEM},
	Title = {A fast multipole boundary element method for the symmetric boundary integral formulation},
	Year = {2002}}

@inproceedings{BrStWe02,
	Address = {Austin},
	Author = {J. Breuer and O. Steinbach and W. L. Wendland},
	Booktitle = {Proceedings of IABEM},
	Title = {A wavelet boundary element method for the symmetric boundary integral formulation},
	Year = {2002}}

@article{LiHoCh02,
	Author = {Jichun Li and Y. C. Hon and C. S. Chen},
	Journal = {Eng. Anal. Bound. Elem.},
	Pages = {205 -- 225},
	Title = {Numerical Comparisons of two meshless methods using radial basis functions},
	Volume = {26},
	Year = {2002}}

@article{GrSc00,
	Author = {Michael Griebel and Marc Alexander Schweitzer},
	Journal = {{\rm SIAM} J. Sci. Comput.},
	Pages = {853 -- 890},
	Title = {A particle-partition of unity method for the solution of elliptic, parabolic, and hyperbolic {}PDEs},
	Volume = {22},
	Year = {2000}}

@article{Wald,
	Author = {J. Walden},
	Journal = {{\rm IEEE} Trans. Med. Imag.},
	Pages = {211 -- 222},
	Title = {{Analysis of the direct Fourier method for computer tomography}},
	Volume = {9},
	Year = {2000}}

@article{tili00,
	Author = {B. Tian and Q. H. Liu},
	Journal = {J. Electromagnet. Waves Appl},
	Pages = {797 -- 798},
	Title = {Nonuniform fast cosine transform and {Chebyshev PSTD} algorithm},
	Volume = {14},
	Year = {2000}}

@misc{fftw,
	Author = {Matteo Frigo and Steven G. Johnson},
	Date-Modified = {2005-09-27 16:32:34 +0200},
	Note = {http://www.fftw.org/},
	Optkey = {Matteo Frigo and Steven G. Johnson},
	Title = {{FFTW, a C subroutine library}}}

@article{GrSt02,
	Author = {D. Grishin and T. Strohmer},
	Journal = {submitted},
	Title = {Fast multi-dimensional scattered data approximation with {N}eumann boundary conditions},
	Year = {2002}}

@article{fesu02,
	Author = {Jeffrey A Fessler and Bradley P Sutton},
	Journal = {{\rm IEEE} Trans. Signal Process.},
	Pages = {560 -- 574},
	Title = {Nonuniform fast {F}ourier transforms using min-max interpolation},
	Volume = {51},
	Year = {2003}}

@book{Ob90,
	Address = {Berlin},
	Author = {F. Oberhettinger},
	Publisher = {Springer},
	Title = {Tables of Fourier Transforms and Fourier Transforms of Distributions},
	Year = {1990}}

@book{MaOb43,
	Address = {Berlin},
	Author = {W. Magnus and F. Oberhettinger},
	Publisher = {Springer},
	Title = {Formeln und S\"atze f\"ur die speziellen Funktionen der mathematischen Physik},
	Year = {1943}}

@book{olver,
	Author = {F. W. J. Olver},
	Publisher = {Academic Press},
	Title = {Asymptotics and Special Functions},
	Year = {1974}}

@article{YaRo98,
	Author = {N. Yarvin and V. Rokhlin},
	Journal = {J. Comput. Phys.},
	Pages = {549 -- 609},
	Title = {A Generalized One-Dimensional Fast Multipole Method with Application to Filtering of Spherical Harmonics},
	Volume = {147},
	Year = {1998}}

@article{SwSp01,
	Author = {P. N. Swarztrauber and W. F. Spotz},
	Journal = {J. Comput. Phys.},
	Pages = {339 -- 355},
	Title = {A Performance Comparison of Associated {L}egendre Projections},
	Volume = {168},
	Year = {2001}}

@article{SwSp00,
	Author = {P. N. Swarztrauber and W. F. Spotz},
	Journal = {J. Comput. Phys.},
	Pages = {213 -- 230},
	Title = {Generalized Discrete Spherical Harmonic Transforms},
	Volume = {159},
	Year = {2000}}

@article{JaAl97,
	Author = {R. Jakob-Chien and B. K. Alpert},
	Journal = {J. Comput. Phys.},
	Pages = {580 -- 584},
	Title = {A Fast Spherical Filter with Uniform Resolution},
	Volume = {136},
	Year = {1997}}

@article{Lasser94,
	Author = {Rupert Lasser},
	Journal = {Tran. Amer. Math. Soc.},
	Pages = {749 -- 770},
	Title = {Orthogonal polynomials hypergroups II -- the symmetric case},
	Volume = {341},
	Year = {1994}}

@article{SuPi01,
	Author = {X. Sun and N. P. Pitsianis},
	Journal = {{\rm SIAM} Rev.},
	Pages = {289 -- 300},
	Title = {A matrix version of the fast multipole method},
	Volume = {43},
	Year = {2001}}

@article{GrLi00,
	Author = {L. Greengard and P. Lin},
	Journal = {Appl. Comput. Harmon. Anal.},
	Pages = {83 -- 97},
	Title = {Spectral approximation of the free--space heat kernel},
	Volume = {9},
	Year = {2000}}

@techreport{ElDuDa,
	Author = {A. Elgammal and R. Duraiswami and L. S. Davis},
	Institution = {The Univ. of Maryland},
	Opttype = {Preprint},
	Title = {Efficient non-parametric adaptive color modeling using fast {G}auss transform},
	Year = {2001}}

@article{BroYam,
	Author = {M. Broadie and Y. Yamamoto},
	Journal = {Management Science},
	Pages = {1071 -- 1088},
	Title = {Application of the fast {G}auss transform to option pricing},
	Volume = {49},
	Year = {2003}}

@techreport{duchon75,
	Author = {J. Duchon},
	Institution = {Seminaire d'Analyse Numerique, Universite Scientifique et Medicale, Grenoble},
	Optnumber = {213},
	Opttype = {Tech. Report},
	Title = {Fonctions splines et vecteurs aleatoires},
	Year = {1975}}

@misc{kupost02,
	Author = {Stefan Kunis and Daniel Potts and Gabriele Steidl},
	Howpublished = {Preprint B-02-13, Universit\"at zu L\"ubeck},
	Title = {{Fast Fourier transforms for nonequispaced data -- A user's guide to a C-library}},
	Year = {2002}}

@misc{kupo04b,
	Author = {Stefan Kunis and Daniel Potts},
	Howpublished = {Preprint B-04-07, Universit\"at zu L\"ubeck, http://www.math.uni-luebeck.de/potts/nfft},
	Title = {{NFFT2.0}},
	Year = {2004}}

@misc{MADMAXFMM,
	Howpublished = {http://www.madmaxoptics.com},
	Title = {{MadMax Optics, FMM Toolbox$^{\mbox\scriptsize TM}$}},
	Year = {2003}}

@misc{kupo02C,
	Author = {Stefan Kunis and Daniel Potts},
	Howpublished = {http://www.math.uni-luebeck.de/potts/nfft},
	Title = {{NFFT, Softwarepackage, C subroutine library}},
	Year = {2002 -- 2005}}

@misc{fematlab,
	Author = {J.A. Fessler and B.P. Sutton},
	Howpublished = {http://www.eecs.umich.edu/\~{}fessler/code/index.html},
	Title = {{NUFFT - nonuniform FFT toolbox for Matlab}},
	Year = {2002}}

@article{kupo02,
	Author = {Stefan Kunis and Daniel Potts},
	Journal = {J. Comput. Appl. Math.},
	Pages = {75 -- 98},
	Title = {{Fast spherical Fourier algorithms}},
	Volume = {161},
	Year = {2003}}

@inproceedings{PoSt00SPIE,
	Author = {Daniel Potts and Gabriele Steidl},
	Booktitle = {Proceedings of SPIE: Wavelet Applications in Signal and Image Processing VIII},
	Editor = {A. Aldroubi and A.F. Laine and M.A. Unser},
	Pages = {13 -- 23},
	Title = {New {F}ourier reconstruction algorithms for computerized tomography},
	Volume = {4119},
	Year = {2000}}

@article{PoSt01IMA,
	Author = {Daniel Potts and Gabriele Steidl},
	Journal = {{\rm IMA} J. Numer. Anal.},
	Pages = {769 -- 782},
	Title = {A new linogram algorithm for computerized tomography},
	Volume = {21},
	Year = {2001}}

@article{MaNaWa02,
	Author = {H.N. Mhaskar and F.J. Narcowich and J. Ward},
	Journal = {Math. Comput.},
	Title = {Quadrature formulas on spheres using scattered data},
	Year = {to appear}}

@article{sc03,
	Author = {A. Schuster},
	Journal = {Phil. Trans. Roy. Soc. London},
	Pages = {181 -- 223},
	Title = {On some definite integrals and a new method of reducing a function of spherical coordinates to a series of spherical harmonics},
	Volume = {A 200},
	Year = {1903}}

@techreport{pe00,
	Author = {A. Persson},
	Institution = {European Center for Medium--Range Weather Forecast},
	Title = {User Guide to ECMWF forecast products},
	Year = {2000}}

@techreport{Flo98,
	Author = {Michael S. Floater},
	Institution = {Sintef Applied Mathematics},
	Title = {How to Approximate Scattered Data by Least Squares},
	Year = {1998}}

@techreport{lepa98,
	Author = {F. G. Lemoine and E. C. {Pavlis et.al}},
	Institution = {NASA Goddard Space Flight Center, Greenbelt, Maryland, 20771 USA},
	Title = {The Development of the Joint {NASA} {GSFC} and {NIMA} Geopotential Model {EGM96}},
	Year = {1998}}

@article{HeRoKoMo,
	Author = {D. Healy and P. Kostelec and Sean S. B. Moore and D. Rockmore},
	Journal = {J. Fourier Anal. Appl.},
	Optkey = {to appear},
	Title = {{FFT}s for the 2-Sphere -- {I}mprovements and Variations},
	Volume = {9},
	Year = {2003}}

@misc{spiral1,
	Key = {SPIRAL, Signal Processing Algorithms Implementation Reserch for Adaptable Libaries},
	Note = {http://www.ece.cmu.edu/\~{}spiral/}}

@article{Cheong00,
	Author = {Heyeong-Bin Cheong},
	Journal = {J. Comput. Phys.},
	Pages = {261 -- 287},
	Title = {{Application of double Fourier series to the shallow--water equations on the sphere}},
	Volume = {165},
	Year = {2000}}

@article{BeChMo99,
	Author = {R. K. Beatson and J. B. Cherrie and C.T. Mouat},
	Journal = {Adv. Comput. Math.},
	Pages = {253 -- 270},
	Title = {{Fast fitting of radial basis functions: Methods based on preconditioned GMRES iteration}},
	Volume = {11},
	Year = {1999}}

@article{ChBeNe02,
	Author = {J. B. Cherrie and R. K. Beatson and G. N. Newsam},
	Journal = {{\rm SIAM} J. Sci. Comput.},
	Pages = {1549 -- 1571},
	Title = {Fast evaluation of radial basis functions: Methods for generalized multiquadrics in {$R^n$}},
	Volume = {23},
	Year = {2002}}

@article{GrSu98,
	Author = {Leslie Greengard and Xiaobai Sun},
	Journal = {Doc. Math. J. DMV},
	Pages = {575 -- 584},
	Title = {A new Version of the fast {Gauss} transform},
	Volume = 3,
	Year = 1998}

@article{Boyd92c,
	Author = {John P. Boyd},
	Journal = {J. of Compu. Phys.},
	Pages = {184 -- 186},
	Title = {Multipole expansions and pseudospectral cardinal functions: {A} new generalization of the {F}ast {F}ourier {T}ransform},
	Volume = {102},
	Year = 19}

@article{BuSt77,
	Author = {P.L. Butzer and R.L. Stens},
	Journal = {Funct. Approx. Comment. Math.},
	Pages = {129 -- 160},
	Title = {{The operational properties of the Chebyshev transform. I: General properties}},
	Volume = {5},
	Year = {1977}}

@article{Dri96,
	Author = {T. A. Driscoll},
	Journal = {ACM Trans. Math.},
	Note = {For accompanying software, see {\texttt{http://amath.colorado.edu/appm/faculty/tad/research/sc.html.}}},
	Pages = {168 -- 186},
	Title = {{A MATLAB} toolbox for {S}chwarz-{C}hristoffel mapping},
	Volume = 22,
	Year = {1996}}

@article{DuSc,
	Author = {A. J. W. Duijndam and M. A. Schonewille},
	Journal = {Geophysics},
	Pages = {539 -- 551},
	Title = {Nonuniform fast {F}ourier transform},
	Volume = {64},
	Year = {1999}}

@article{Ei93,
	Author = {M. Eiermann},
	Journal = {Linear Algebra Appl.},
	Pages = {167 -- 197},
	Title = {Fields of values and iterative methods},
	Volume = 180,
	Year = 1993}

@article{EiNiVa85,
	Author = {M. Eiermann and W. Niethammer and R. S. Varga},
	Journal = {Numer. Math.},
	Pages = {505 -- 533},
	Title = {A study of semiiterative methods for nonsymmetric systems of linear equations},
	Volume = 47,
	Year = 1985}

@inproceedings{ElSt,
	Address = {Nashville},
	Author = {B.~Elbel and G.~Steidl},
	Booktitle = {Approximation Theory IX},
	Editor = {C.~K. Chui and L.~L. Schumaker},
	Publisher = {Vanderbilt University Press},
	Title = {Fast {F}ourier transform for nonequispaced data},
	Year = {1998}}

@article{Em00,
	Author = {Mark Embree},
	Journal = {{\rm Technical Report 99/08, Oxford University}},
	Title = {How descriptive are {\rm GMRES} covergence bounds ?},
	Year = {1999}}

@misc{Er00,
	Author = {O. Ernst},
	Journal = {{\rm SIAM} J. Matrix Anal. Appl.},
	Pages = {1079 -- 1101},
	Title = {Residual-minimizing {K}rylov subspace methods for stabilized discretizations of convection-diffusion equations},
	Volume = 21,
	Year = 2000}

@inproceedings{FaSch,
	Address = {Nashville},
	Author = {Gregory E. Fasshauer and Larry L. Schumaker},
	Booktitle = {Mathematical Methods for Curves and Surfaces II},
	Editor = {Morten Dahlen and Tom Lyche and Larry L. Schumaker},
	Pages = {117 -- 166},
	Publisher = {Vanderbilt University Press},
	Title = {Scattered Data Fitting on the Sphere},
	Year = {1998}}

@inproceedings{FeGr93,
	Address = {CRC Press},
	Author = {H.G. Feichtinger and K. Gr\"ochenig},
	Booktitle = {Wavelets: Mathematics and Applications},
	Editor = {J. Benedetto and M. Frazier},
	Pages = {305 -- 363},
	Title = {Theory and Practice of Irregular Sampling},
	Year = {1993}}

@article{FeGrSt95,
	Author = {H.G. Feichtinger and K. Gr\"ochenig and T. Strohmer},
	Journal = {Numer. Math.},
	Pages = {423 -- 440},
	Title = {Efficient Numerical Methods in Non-uniform Sampling Theory},
	Volume = {69},
	Year = {1995}}

@article{Fo92,
	Author = {T.A. Foley},
	Journal = {Computers Math. Applic.},
	Pages = {49 -- 60},
	Title = {The map and blend scattered data interpolation on a sphere},
	Volume = {24},
	Year = {1992}}

@article{GoGuFo,
	Author = {D.~Gottlieb and B. Gustafsson and P. Forssen},
	Journal = {{\rm IEEE} Trans. Med. Imag.},
	Pages = {223 -- 232},
	Title = {{On the direct Fourier method for computer tomography}},
	Volume = {9},
	Year = {2000}}

@book{GottliebOrszag77,
	Address = {Philadelphia, PA},
	Author = {David Gottlieb and Steven A. Orszag},
	Note = {200 pp},
	Publisher = {SIAM},
	Title = {Numerical Analysis of Spectral Methods},
	Year = {1977}}

@inproceedings{GrSt01,
	Author = {Karlheinz Gr\"ochenig and Thomas Strohmer},
	Booktitle = {Theory and Practice of Nonuniform Sampling},
	Chapter = {6},
	Editor = {F. Marvasti},
	Publisher = {Kluwer/Plenum},
	Title = {Numerical and Theoretical Aspects of Non-Uniform Sampling of Band-Limited Images},
	Year = {2001}}

@article{Strain91,
	Author = {J. Strain},
	Journal = {{\rm SIAM} J. Sci. Stat. Comput.},
	Optnumber = {5},
	Pages = {1131 -- 1139},
	Title = {The fast {Gauss} transform with variable scales},
	Volume = {12},
	Year = 1991}

@article{GrSt91,
	Author = {Leslie Greengard and John Strain},
	Journal = {{\rm SIAM} J. Sci. Stat. Comput.},
	Pages = {79 -- 94},
	Title = {The fast {Gauss} transform},
	Volume = {12},
	Year = 1991}

@book{Hankebook,
	Address = {New York},
	Author = {Martin Hanke},
	Publisher = {Wiley},
	Title = {Conjugate gradient type method for ill--posed problems},
	Year = {1995}}

@techreport{Hi95,
	Address = {Manchester, England},
	Author = {Nicholas J. Higham},
	Institution = {Manchester Centre for Computational Mathematics},
	Month = dec,
	Note = {For accompanying software, see {\texttt{http://www.ma.man.ac.uk/\~{}higham/testmat.html.}}},
	Number = {No. 237},
	Pages = 76,
	Title = {The {Test Matrix Toolbox} for {Matlab}},
	Type = {Numerical Analysis Report},
	Year = 1993}

@article{Ja,
	Author = {J. I. Jackson},
	Journal = {{\rm IEEE} Trans. Med. Imag.},
	Pages = {473 -- 478},
	Title = {Selection of a convolution function for {F}ourier inversion using gridding},
	Volume = {10},
	Year = {1991}}

@article{Jo78,
	Author = {Charles R. Johnson},
	Journal = {{\rm SIAM} J. Numer. Anal.},
	Pages = {595 -- 602},
	Title = {Numerical determination of the field of values of a general complex matrix},
	Volume = 15,
	Year = 1978}

@article{Mo99,
	Author = {Martin J. Mohlenkamp},
	Journal = {J. Fourier Anal. Appl.},
	Pages = {159 -- 184},
	Title = {A Fast Transform for Spherical Harmonics},
	Volume = {5},
	Year = {1999}}

@article{NaReTr92,
	Author = {N. M. Nachtigal and S. C. Reddy and L. N. Trefethen},
	Journal = {{\rm SIAM} J. Matrix Anal. Appl.},
	Number = 3,
	Pages = {778 -- 795},
	Title = {How fast are nonsymmetric matrix iterations?},
	Volume = 13,
	Year = 1992}

@book{Ne93,
	Author = {O. Nevanlinna},
	Publisher = {Birkh\"auser, Basel},
	Title = {Convergence of Iterations for Linear Equations},
	Year = 1993}

@article{NgLi99,
	Author = {Nhu Nguyen and Qing Huo Liu},
	Journal = {{\rm SIAM} J. Sci. Comput.},
	Pages = {283 -- 293},
	Title = {The regular {F}ourier matrices and nonuniform fast {F}ourier transforms},
	Volume = {21},
	Year = {1999}}

@incollection{Orszag86,
	Address = {New York},
	Author = {Steven A. Orszag},
	Booktitle = {Science and Computers},
	Editor = {G. C. Rota},
	Optnote = {[A generalization of the {Fast Fourier Transform} to functions that satisfy three-term recurrence relations.]},
	Pages = {23 -- 30},
	Publisher = {Academic Press},
	Title = {Fast eigenfunction transforms},
	Type = {Part},
	Year = 1986}

@article{PaSa82,
	Author = {Christopher C. Paige and Michael A. Saunders},
	Journal = {ACM Transactions on Mathematical Software},
	Pages = {43 -- 71},
	Title = {{LSQR: An algorithm for sparse linear equations and sparse least squares}},
	Volume = {8},
	Year = {1982}}

@inproceedings{Pe,
	Address = {Kluwer},
	Author = {J. Pelt},
	Booktitle = {Astronomical Time Series},
	Editor = {D. Maoz and A. Sternberg and E.M. Leibowitz},
	Pages = {179 -- 182},
	Title = {Fast computation of trigonometric sums with applications to frequency analysis of astronomical data},
	Year = {1997}}

@inproceedings{Pr01,
	Address = {New Delhi},
	Author = {J\"urgen Prestin},
	Booktitle = {Wavelets and Allied Topics},
	Editor = {P. K. Jain},
	Publisher = {Narosa Publishing House},
	Title = {Trigonometric Wavelets},
	Year = {2001}}

@article{RaSt98,
	Author = {Michael Rauth and Thomas Strohmer},
	Journal = {Geophysics},
	Pages = {85 -- 94},
	Title = {Smooth approximation of potential fields from noisy scattered data},
	Volume = {63},
	Year = {1998}}

@article{ReAmGr,
	Author = {L. Reichel and G.S. Ammar and W.B. Gragg},
	Journal = {Math. Comput.},
	Pages = {273 -- 289},
	Title = {Discrete Least Squares Approximation by Trigonometric Polynomials},
	Volume = {57},
	Year = {1991}}

@inproceedings{Scha96,
	Author = {Robert Schaback},
	Booktitle = {Approximation Theory VIII},
	Editor = {Charles K. Chuiand L.~L. Schumaker},
	Publisher = {Vanderbilt University Press},
	Title = {Multivariate Interpolation and Approximation by Translates of a Basis Function},
	Year = {1996}}

@article{SuTa01,
	Author = {Reiji Suda and Masayasu Takami},
	Journal = {Math. Comput.},
	Pages = {703 -- 715},
	Title = {A fast spherical harmonics transform algorithm},
	Volume = {71},
	Year = {2001}}

@book{Templates,
	Address = {Philadelphia, PA},
	Author = {R. Barrett and M. Berry and T. F. Chan and J. Demmel and J. Donato and J. Dongarra and V. Eijkhout and R. Pozo and C. Romine and H. Van der Vorst},
	Publisher = {SIAM},
	Title = {Templates for the Solution of Linear Systems: Building Blocks for Iterative Methods, 2nd Edition},
	Year = {1994}}

@article{YaRo99,
	Author = {Norman Yarvin and Vladimir Rokhlin},
	Journal = {{\rm SIAM} J. Numer. Anal.},
	Pages = {629 -- 666},
	Title = {{An improved fast multipole algorithm for potential fields on the line}},
	Volume = {36},
	Year = {1999}}

@article{alpert93,
	Author = {B. Alpert and G. Beylkin and R. Coifman and V. Rokhlin},
	Journal = {{\rm SIAM} J. Sci. Comput.},
	Pages = {159 -- 184},
	Title = {Waveletlike bases for the fast solution of second--kind integral equations},
	Volume = {14},
	Year = {1993}}

@article{alro,
	Author = {B.K. Alpert and V. Rokhlin},
	Journal = {{\rm SIAM} J. Sci. Stat. Comput.},
	Pages = {158 -- 179},
	Title = {A fast algorithm for the evaluation of {L}egendre expansions},
	Volume = 12,
	Year = 1991}

@article{anderson86,
	Author = {C. Anderson},
	Journal = {J. Comput. Phys.},
	Pages = {111 -- 123},
	Title = {A method of local corrections for computing the velocity field due to a distribution of vortex blobs},
	Volume = {62},
	Year = {1986}}

@article{armuva,
	Author = {M. Arioli and H. Munthe--Kaas and L. Valdettaro},
	Journal = {Numer. Algorithms},
	Pages = {65 -- 88},
	Title = {Componentwise error analysis for {{\rm {FFT}}}s with applications to fast {H}elmholtz solvers},
	Volume = {12},
	Year = {1996}}

@book{ax,
	Author = {O. Axelsson},
	Publisher = {Cambridge University Press, Cambridge},
	Title = {Iterative Solution Methods},
	Year = {1996}}

@book{axba,
	Author = {O. Axelsson and V. Barker},
	Publisher = {Academic Press, Orlando},
	Title = {Finite Element Solution of Boundary Value Problems, Theory and Computation},
	Year = {1984}}

@article{ba,
	Author = {G. Baszenski},
	Note = {http://www.iuk.fh-dortmund.de/\~{}baszenski/},
	Title = {Programmpaket zur {B}erechnung diskreter trigonometrischer {T}ransformationen},
	Year = {1995}}

@article{bascta,
	Author = {G\"unther Baszenski and Ute Schreiber and Manfred Tasche},
	Journal = {\rm Preprint, Medizinische Universit\"at zu L\"ubeck},
	Title = {Numerical Stability of fast cosine transforms},
	Year = {1998}}

@misc{utediss,
	Author = {Ute Schreiber},
	Howpublished = {Dissertation, Universit\"at Rostock},
	Title = {{Numerische Stabilit\"at von schnellen trigonometrischen Transformationen}},
	Year = {2000}}

@article{bata,
	Author = {G. Baszenski and M. Tasche},
	Journal = {Linear Algebra Appl.},
	Pages = {1 -- 25},
	Title = {Fast polynomial multiplication and convolution related to the discrete cosine transform},
	Volume = {252},
	Year = {1997}}

@article{bcr91,
	Author = {G. Beylkin and R. Coifman and V. Rokhlin},
	Journal = {Comm. Pure and Appl. Math.},
	Pages = {141 -- 183},
	Title = {Fast wavelet transforms and numerical algorithms {I}},
	Volume = {44},
	Year = {1991}}

@inproceedings{be95,
	Address = {San Diego},
	Author = {Fabio {Di Benedetto}},
	Booktitle = {{\rm SPIE 2563}},
	Title = {Iterative solution of {T}oeplitz systems by preconditioning with the discrete sine transform},
	Year = {1995}}

@article{be95a,
	Author = {Fabio {Di Benedetto}},
	Journal = {{\rm SIAM} J. Sci. Comput.},
	Pages = {682 -- 697},
	Title = {Analysis of preconditioning techniques for ill--conditioned {T}oeplitz matrices},
	Volume = {16},
	Year = {1995}}

@article{be97,
	Author = {Fabio {Di Benedetto}},
	Journal = {{\rm SIAM} J. Sci. Comput.},
	Pages = {499 -- 515},
	Title = {Preconditioning of block {T}oeplitz matrices by sine transforms},
	Volume = {18},
	Year = {1997}}

@article{be98,
	Author = {Fabio {Di Benedetto}},
	Journal = {Linear Algebra Appl.},
	Pages = {229 -- 255},
	Title = {Solution of {T}oeplitz normal equations by sine transform based preconditioning},
	Volume = {285},
	Year = {1998}}

@inproceedings{beatgreen97,
	Author = {R. K. Beatson and L. Greengard},
	Booktitle = {Wavelets, Multilevel Methods and Elliptic PDEs},
	Editor = {M. Ainsworth and J. Levesley and W. A. Light and M. Marletta},
	Optaddress = {Oxford},
	Optpages = {1 -- 37},
	Publisher = {Clarendon Press},
	Title = {A short course on fast multipole methods},
	Year = {1997}}

@article{beatlight96,
	Author = {R. K. Beatson and W. A. Light},
	Journal = {{\rm IMA} J. Numer. Anal.},
	Pages = {343 -- 372},
	Title = {Fast evaluation of radial basis functions: methods for 2--dimensional polyharmonic splines},
	Volume = {17},
	Year = {1997}}

@article{beatnew92,
	Author = {R. K. Beatson and G. N. Newsam},
	Journal = {Comput. Math. Appl.},
	Pages = {7 -- 19},
	Title = {Fast evaluation of radial basis functions: {I}},
	Volume = {24},
	Year = {1992}}

@article{BeatNew98,
	Author = {R. K. Beatson and G. N. Newsam},
	Journal = {{\rm SIAM} J. Sci. Comput.},
	Pages = {1428 -- 1449},
	Title = {Fast evaluation of radial basis functions: Moment based methods},
	Volume = {19},
	Year = {1998}}

@article{befise93,
	Author = {Fabio {Di Benedetto} and Guiseppe Fiorentino and Stefano Serra},
	Journal = {Comput. Math. Appl.},
	Pages = {35 -- 45},
	Title = {C.{G.} preconditioning for {T}oeplitz matrices},
	Volume = {25},
	Year = {1993}}

@article{behosi92,
	Author = {D. Berthold and W. Hoppe and B. Silbermann},
	Journal = {J. Comput. Appl. Math.},
	Pages = {185 -- 219},
	Title = {A fast algorithm for solving the generalized airfoil equation},
	Volume = {43},
	Year = {1992}}

@article{bel91,
	Author = {S. Belmehdi},
	Journal = {J. Comput. Appl. Math.},
	Pages = {311 -- 319},
	Title = {On the associated orthogonal polynomials},
	Volume = {32},
	Year = {1991}}

@article{bese97,
	Author = {Fabio {Di Benedetto} and Stefano {Serra~Capizzano}},
	Journal = {Numer. Math.},
	Pages = {57 -- 90},
	Title = {A unifying approach to abstract matrix algebra preconditioning},
	Volume = {82},
	Year = {1999}}

@article{bey01,
	Author = {G. Beylkin and R. Cramer},
	Journal = {{\rm SIAM} J. Sci. Comput.},
	Pages = {81 -- 117},
	Title = {A multiresolution approach to regularization of singular operators and fast summation},
	Volume = {24},
	Year = {2002}}

@article{bey95,
	Author = {G. Beylkin},
	Journal = {Appl. Comput. Harmon. Anal.},
	Pages = {363 -- 381},
	Title = {{On the fast Fourier transform of functions with singularities}},
	Volume = {2},
	Year = {1995}}

@inproceedings{bibe90,
	Address = {Crete},
	Author = {Dario Bini and Fabio {Di Benedetto}},
	Booktitle = {Proc. Second {\rm ACM} Symp. on Parallel Algorithms and Architectures},
	Pages = {220 -- 223},
	Title = {A new preconditioner for the parallel solution of positive definite {T}oeplitz systems},
	Year = {1990}}

@article{bifa93,
	Author = {D. Bini and P. Favati},
	Journal = {{\rm SIAM} J. Matrix Anal. Appl.},
	Pages = {500 -- 507},
	Title = {On a Matrix Algebra related to discrete {H}artley transform},
	Volume = {14},
	Year = {1993}}

@article{bimei,
	Author = {D. Bini and B. Meini},
	Journal = {{\rm SIAM} J. Matrix Anal. Appl.},
	Pages = {700 -- 719},
	Title = {Effective methods for solving banded {T}oeplitz systems},
	Volume = {20},
	Year = {1999}}

@book{binipan,
	Address = {Boston},
	Author = {Dario Bini and Victor Pan},
	Publisher = {Birkh\"auser},
	Title = {Polynomial and Matrix Computations},
	Volume = {1},
	Year = {1994}}

@article{bofi,
	Author = {E. Bozzo and C. Di Fiore},
	Journal = {{\rm SIAM} J. Matrix Anal. Appl.},
	Pages = {312 -- 326},
	Title = {On the use of certain matrix algebras associated with discrete trigonometric transforms in matrix displacement decomposition},
	Volume = {16},
	Year = {1995}}

@article{boko,
	Author = {E. Boman and I. Koltracht},
	Journal = {{\rm SIAM} J. Matrix Anal. Appl.},
	Pages = {628 -- 645},
	Title = {Fast transform based preconditioners for {T}oeplitz equations},
	Volume = 16,
	Year = {1995}}

@book{boor,
	Address = {Basel},
	Author = {C. {de~Boor}},
	Publisher = {Birkh\"auser},
	Title = {Splinefunktionen},
	Year = {1990}}

@book{boyd00,
	Address = {New York},
	Author = {John P. Boyd},
	Edition = {Second},
	Publisher = {Dover Press},
	Title = {Chebyshev and Fourier Spectral Methods},
	Year = {2000}}

@article{brhasw,
	Author = {G L. Browning and James J. Hack and P N. Swarztrauber},
	Journal = {Monthly Weather Review},
	Pages = {1058 -- 1075},
	Title = {A comparison of three numerical methods for solving differential equations on the sphere},
	Volume = {117},
	Year = {1989}}

@book{brhe,
	Address = {Philadelphia},
	Author = {W. L. Briggs and V. E. Henson},
	Publisher = {SIAM},
	Title = {The {\rm DFT}},
	Year = {1995}}

@article{bu87,
	Author = {O. Buneman},
	Journal = {Proc. {\rm IEEE}},
	Pages = {1434 -- 1435},
	Title = {Stable on--line creation of sines and cosines of successive angles},
	Volume = {75},
	Year = {1987}}

@article{cadolu97,
	Author = {Timothy S. Carlson and Jack Dockery and John Lund},
	Journal = {Math. Comput.},
	Pages = {215 -- 235},
	Title = {A Sinc--Collocation Method for Initial Value Problems},
	Volume = {66},
	Year = {1997}}

@article{ch89,
	Author = {Raymon H. Chan},
	Journal = {{\rm SIAM} J. Matrix Anal. Appl.},
	Pages = {542 -- 550},
	Title = {Circulant preconditioners for {H}ermitian {T}oeplitz systems},
	Volume = {10},
	Year = {1989}}

@article{ch91,
	Author = {Raymon H. Chan},
	Journal = {{\rm IMA} J. Numer. Anal.},
	Pages = {333 -- 345},
	Title = {Toeplitz preconditioners for {T}oeplitz systems with nonnegative generating functions},
	Volume = {11},
	Year = {1991}}

@article{chch96,
	Author = {Raymon H. Chan and Wai--Ki Ching},
	Journal = {{\rm SIAM} J. Sci. Comput.},
	Pages = {762 -- 772},
	Title = {Toeplitz--circulant preconditioners for {T}oeplitz Systems and their applications to queueing networks with batch arrivals},
	Volume = {17},
	Year = {1996}}

@article{chchsu,
	Author = {Raymond H. Chan and Qian-Shun Chang and Hai-Wei Sun},
	Journal = {{\rm SIAM} J. Sci. Comput.},
	Pages = {516 -- 529},
	Title = {Muligrid Method for ill--conditioned symmetric {T}oeplitz systems},
	Volume = {19},
	Year = {1998}}

@inproceedings{chchwa97,
	Address = {Springer--Verlag, Hong Kong},
	Author = {Raymon H. Chan and Tony F. Chan and W.L. Wan},
	Booktitle = {Proceedings of the Workshop on Scientific Computing},
	Editor = {G. Golub and S.H. Lui and F. Luk and R. Plemmons},
	Title = {Multigrid for Differential--Convolution Problem Arising from Image Processing},
	Year = {1997}}

@techreport{chchwo,
	Author = {Raymon H. Chan and Tony F. Chan and Cha K. Wong},
	Institution = {Chinese University of Hong Kong},
	Title = {Cosine transform based preconditioners for total variation minimization problems in image processing},
	Type = {Technical Report 95 - 8},
	Year = {1995}}

@article{chfr97,
	Author = {J. Cui and Willi Freeden},
	Journal = {{\rm SIAM} J. Sci. Comput.},
	Pages = {595 -- 609},
	Title = {Equidistribution on the Sphere},
	Volume = {18},
	Year = {1997}}

@article{chha92,
	Author = {Tony F. Chan and Christian Hansen},
	Journal = {{\rm SIAM} J. Matrix Anal. Appl.},
	Pages = {490 -- 506},
	Title = {A look--ahead {L}evinson algorithm for indefinite {T}oeplitz Systems},
	Volume = {13},
	Year = {1992}}

@book{chi78,
	Address = {New York},
	Author = {T.S. Chihara},
	Publisher = {Gordon and Breach},
	Title = {An Introduction to Orthogonal Polynomials},
	Year = {1978}}

@article{chjiye,
	Author = {Raymon H. Chan and Xiao--Qing Jin and Man--Chung Yeung},
	Journal = {Linear Algebra Appl.},
	Pages = {41 -- 53},
	Title = {The circulant operator in the {B}anach algebra of matrices},
	Volume = {149},
	Year = {1991}}

@article{chjiye91a,
	Author = {Raymond H. Chan and Xiao--Qing Jin and Man--Chung Yeung},
	Journal = {{\rm SIAM} J. Numer. Anal.},
	Pages = {871 -- 879},
	Title = {The spectra of super--optimal circulant preconditioned {T}oeplitz systems},
	Volume = {28},
	Year = {1991}}

@article{chjn,
	Author = {Raymond H. Chan and Xiao--Qing Jin},
	Journal = {{\rm SIAM} J. Sci. Stat. Comput.},
	Pages = {1218 -- 1235},
	Title = {A family of block preconditioners for block systems},
	Volume = {13},
	Year = {1992}}

@article{chmh93,
	Author = {Charles K. Chui and Hurshikesh N. Mhaskar},
	Journal = {Constr. Approx.},
	Pages = {167 -- 190},
	Title = {On trigonometric wavelets},
	Volume = {9},
	Year = {1993}}

@article{chnapl1,
	Author = {Raymon H. Chan and J.G. Nagy and R.J. Plemmons},
	Journal = {Elec. Trans. Numer. Anal.},
	Pages = {44 -- 56},
	Title = {Displacement Preconditioners for {T}oeplitz Least Squares Iterations},
	Volume = {2},
	Year = {1994}}

@article{chnapl2,
	Author = {Raymon H. Chan and J.G. Nagy and R.J. Plemmons},
	Journal = {{\rm SIAM} J. Matrix Anal. Appl.},
	Pages = {80 -- 97},
	Title = {Circulant preconditioned {T}oeplitz least square problems},
	Volume = {15},
	Year = {1994}}

@article{chng,
	Author = {Raymon H. Chan and Michael K. Ng},
	Journal = {{\rm SIAM} Rev.},
	Pages = {427 -- 482},
	Title = {Conjugate gradient methods of {T}oeplitz systems},
	Volume = {38},
	Year = {1996}}

@article{chng93,
	Author = {Raymon H. Chan and Michael K. Ng},
	Journal = {{\rm SIAM} J. Sci. Comput.},
	Pages = {1013 -- 1019},
	Title = {Fast iterative Solvers for {T}oeplitz--plus--band systems},
	Volume = {14},
	Year = {1993}}

@article{chng93a,
	Author = {Raymon H. Chan and Kwok--Po Ng},
	Journal = {Linear Algebra Appl.},
	Pages = {181 -- 208},
	Title = {{T}oeplitz preconditioners for {H}ermitian {T}oeplitz systems},
	Volume = {190},
	Year = {1993}}

@inproceedings{chng98,
	Address = {SIAM, Philadelphia},
	Author = {Raymon H. Chan and Michael K. Ng},
	Booktitle = {Fast Reliable Algorithms for Matrices with Structure},
	Editor = {T. Kailath and A. Sayed},
	Title = {Iterative Methods for Linear Systems with Matrix Structure},
	Year = {1998}}

@article{chngpl,
	Author = {Raymon H. Chan and Michael K. Ng and Robert J. Plemmons},
	Journal = {Numer. Linear Algebra Appl.},
	Pages = {45 -- 64},
	Title = {Generalization of {S}trang's Preconditioner with Applications to {T}oeplitz Least Square Problems},
	Volume = {3},
	Year = {1996}}

@article{chngwo,
	Author = {Raymon H. Chan and Michael K. Ng and Cha K. Wong},
	Journal = {Linear Algebra Appl.},
	Pages = {237 -- 259},
	Title = {Sine transform based preconditioners for symmetric {T}oeplitz systems},
	Volume = {232},
	Year = {1996}}

@article{chol,
	Author = {Tony F. Chan and Jam A. Olkin},
	Journal = {Numer. Algorithms},
	Pages = {89 -- 101},
	Title = {Circulant preconditioner for {T}oeplitz--block systems},
	Volume = {6},
	Year = {1994}}

@article{chpost99,
	Author = {Raymond H. Chan and Daniel Potts and Gabriele Steidl},
	Journal = {Numer. Linear Alg. Appl.},
	Pages = {83 -- 98},
	Title = {Preconditioners for non-{H}ermitian {T}oeplitz systems},
	Volume = {8},
	Year = {2001}}

@article{chst,
	Author = {Raymon H. Chan and G. Strang},
	Journal = {{\rm SIAM} J. Sci. Stat. Comput.},
	Pages = {104 -- 119},
	Title = {Toeplitz systems by conjugate gradients with circulant preconditioner},
	Volume = {10},
	Year = {1989}}

@article{chta94,
	Author = {Raymon H. Chan and Tak Peter Tang},
	Journal = {{\rm SIAM} J. Sci. Stat. Comput.},
	Pages = {164 -- 171},
	Title = {Fast band--{T}oeplitz preconditioners for {H}ermitian {T}oeplitz systems},
	Volume = {15},
	Year = {1994}}

@inproceedings{chtssu98,
	Address = {San Diego CA},
	Author = {Raymon H. Chan and T. Tso and H. Sun},
	Booktitle = {Algorithms, Architectures, and Implementations},
	Editor = {F. Luk},
	Pages = {338 -- 347},
	Title = {Circulant Preconditioners from {B}-Splines},
	Volume = {3162},
	Year = {1997}}

@phdthesis{chu88,
	Address = {Ithaca},
	Author = {Clare Yung Chu},
	School = {Cornell University},
	Title = {The fast {F}ourier transform on the hypercube parallel computers},
	Year = {1988}}

@book{chui92,
	Address = {Boston},
	Author = {Charls K. Chui},
	Publisher = {Academic Press},
	Title = {An Introduction to Wavelets},
	Year = {1992}}

@article{chye92,
	Author = {Raymon H. Chan and Man--Chung Yeung},
	Journal = {{\rm SIAM} J. Numer. Anal.},
	Pages = {1093 -- 1103},
	Title = {Circulant preconditioners constructed from kernels},
	Volume = {29},
	Year = {1992}}

@article{chye92a,
	Author = {Raymon H. Chan and Man--Chung Yeung},
	Journal = {Math. Comput.},
	Pages = {233 -- 240},
	Title = {Circulant preconditioners for {T}oeplitz matrices with positive continuous generating functions},
	Volume = {58},
	Year = {1992}}

@article{chye93,
	Author = {Raymond H. Chan and Man--Chung Yeung},
	Journal = {{\rm SIAM} J. Numer. Anal.},
	Pages = {1193 -- 1207},
	Title = {Circulant preconditioners for complex {T}oeplitz systems},
	Volume = {30},
	Year = {1993}}

@article{chye93a,
	Author = {Man--Chung Yeung and Raymon H. Chan},
	Journal = {Math. Comput.},
	Pages = {701 -- 718},
	Title = {Circulant preconditioners for {T}oeplitz matrices with piecewise continuous generating functions},
	Volume = {61},
	Year = {1993}}

@article{chying99,
	Author = {Raymond H. Chan and M.M. Yip and Miachael Ng},
	Journal = {{\rm SIAM} J. Numer. Anal.},
	Optpages = {876 -- 896},
	Optvolume = {38},
	Title = {The best circulant preconditioners for {H}ermitian {T}oeplitz matrices},
	Year = {2001}}

@article{cl55,
	Author = {C. W. Clenshaw},
	Journal = {Math. Comput.},
	Pages = {118 -- 120},
	Title = {A note on the summation of {C}hebyshev series},
	Volume = {9},
	Year = {1955}}

@book{da,
	Address = {New York},
	Author = {P. Davis},
	Publisher = {John Wiley and Sons},
	Title = {Circulant Matrices},
	Year = {1979}}

@book{davis75,
	Address = {New York},
	Author = {P. Davis},
	Publisher = {Dover},
	Title = {Interpolation and Approximation},
	Year = {1975}}

@article{da96,
	Author = {Wolfgang Dahmen},
	Journal = {J. Fourier Anal. Appl.},
	Pages = {341 -- 362},
	Title = {Stability of multiscale transformations},
	Volume = {4},
	Year = {1996}}

@article{dadascwe,
	Author = {Stefan Dahlke and Wolfgang Dahmen and Eberhardt Schmitt and Ilona Weinreich},
	Journal = {Numer. Funct. Anal. and Optimization},
	Pages = {19 -- 41},
	Title = {Multiresolution analysis and wavelets on {$S2$} and {$S3$}},
	Volume = {16},
	Year = {1995}}

@inproceedings{daprsc,
	Address = {Academic Press, San Diego},
	Author = {Wolfgang Dahmen and Sigfried Pr\"o{\ss}dorf and Reinhold Schneider},
	Booktitle = {Wavelets: Theory, Algorithms, and Applications},
	Editor = {Carles. K. Chui and L. Montefusco and L. Puccio},
	Title = {Multiscale Methods for Pseudo--Differential Equation on Smooth Closed Manifolds},
	Year = {1994}}

@book{dau92,
	Address = {Philadelphia},
	Author = {Inge Daubechies},
	Publisher = {SIAM},
	Title = {Ten Lectures on Wavelets},
	Year = {1992}}

@book{deho,
	Author = {Peter Deuflhard and Andreas Hohmann},
	Publisher = {de Gruyter, Berlin},
	Title = {Numerische Mathematik},
	Year = {1991}}

@misc{dr96,
	Author = {J. O. Droese},
	Howpublished = {Diplomarbeit, TU Darmstadt},
	Title = {Verfahren zur schnellen {F}ourier--{T}ransformation mit nicht\"aqui\-dis\-tan\-ten {K}noten},
	Year = {1996}}

@article{drhe,
	Author = {J.R. Driscoll and Dennis Healy},
	Journal = {Adv. Appl. Math.},
	Pages = {202 -- 250},
	Title = {Computing {F}ourier transforms and convolutions on the 2--sphere},
	Volume = {15},
	Year = {1994}}

@article{drhero,
	Author = {J.R. Driscoll and Dennis Healy and Daniel Rockmore},
	Journal = {{\rm SIAM} J. Comput.},
	Pages = {1066 -- 1099},
	Title = {Fast discrete polynomial transforms with applications to data analysis for distance transitive graphs},
	Volume = {26},
	Year = {1996}}

@article{duguro,
	Author = {A. Dutt and M. Gu and V. Rokhlin},
	Journal = {{\rm SIAM} J. Numer. Anal.},
	Pages = {1689 -- 1711},
	Title = {Fast algorithms for polynomial interpolation, integration and differentiation},
	Volume = {33},
	Year = {1996}}

@article{duro93,
	Author = {A. Dutt and V. Rokhlin},
	Journal = {{\rm SIAM} J. Sci. Stat. Comput.},
	Pages = {1368 -- 1393},
	Title = {Fast Fourier transforms for nonequispaced data},
	Volume = {14},
	Year = {1993}}

@article{duro95,
	Author = {A. Dutt and V. Rokhlin},
	Journal = {Appl. Comput. Harmon. Anal.},
	Pages = {85 -- 100},
	Title = {{Fast Fourier transforms for nonequispaced data II}},
	Volume = {2},
	Year = {1995}}

@misc{elbel98,
	Author = {B. Elbel},
	Howpublished = {Di\-plom\-arbeit, TH Darmstadt},
	Title = {Mehrdimensionale {F}ouriertransformation f\"ur nicht\"aqui\-dis\-tan\-te {D}aten},
	Year = {1998}}

@article{fas97,
	Author = {Heike Fa{\ss}bender},
	Journal = {Math. Comput.},
	Pages = {719 -- 741},
	Title = {On Numerical Methods for Discrete Least-Squares Approximation by Trigonometric Polynomials},
	Volume = 66,
	Year = 1997}

@book{fi,
	Adress = {Chichester},
	Author = {Bernd Fischer},
	Publisher = {Wiley--Teubner},
	Title = {Polynomial Based Iteration Methods for Symmetric Linear Systems},
	Year = {1996}}

@article{fise92,
	Author = {Guiseppe Fiorentino and Stefano Serra},
	Journal = {Calcolo},
	Pages = {283 -- 305},
	Title = {Multigrid Methods for {T}oeplitz Matrices},
	Volume = {28},
	Year = {1991}}

@article{fise96,
	Author = {Guiseppe Fiorentino and Stefano Serra},
	Journal = {Preprint},
	Title = {Multigrid Method for indefinite {T}oeplitz Matrices},
	Year = {1996}}

@article{fise96a,
	Author = {Guiseppe Fiorentino and Stefano Serra},
	Journal = {{\rm SIAM} J. Sci. Comput.},
	Pages = {1068 -- 1081},
	Title = {Multigrid Method for symmetric positive definite block {T}oeplitz Matrices with nonnegative generating functions},
	Volume = {17},
	Year = {1996}}

@book{folland,
	Address = {Albany},
	Author = {G. B. Folland},
	Publisher = {Brooks/Cole},
	Title = {Fourier Analysis and its Applications},
	Year = {1992}}

@misc{four,
	Author = {Karsten Fourmont},
	Howpublished = {Dissertation, Universit\"at M\"unster},
	Title = {Schnelle {F}ourier--{T}ransformation bei nicht\"aqui\-dis\-tan\-ten {G}ittern und tomographische {A}nwendungen},
	Year = {1999}}

@article{Fou02,
	Author = {Karsten Fourmont},
	Journal = {J. Fourier Anal. Appl.},
	Pages = {431 -- 450},
	Title = {Non equispaced fast {F}ourier transforms with applications to tomography},
	Volume = {9},
	Year = {2003}}

@inproceedings{fr97,
	Author = {R. W. Freund},
	Booktitle = {{\rm 15}th {\rm IMACS} World Congress on Scientific Computation, Modelling and Applied Mathematics, Vol.~2, Numerical Mathematics},
	Editor = {A. Sydow},
	Pages = {551 -- 556},
	Publisher = {Wissenschaft und Technik Verlag},
	Title = {Preconditioning of symmetric, but highly indefinite linear systems},
	Year = {1997}}

@book{frgesc,
	Address = {Oxford},
	Author = {Willi Freeden and T. Gervens and M. Schreiner},
	Date-Modified = {2005-10-04 14:44:50 +0200},
	Publisher = {Oxford University Press},
	Title = {Constructive Approximation on the Sphere},
	Year = {1998}}

@book{freeden99,
	Address = {Leipzig},
	Author = {Willi Freeden},
	Publisher = {B.G. Teubner},
	Title = {Multiscale Modelling of Spaceborne Geodata},
	Year = {1999}}

@article{Sc97,
	Author = {M. Schreiner},
	Journal = {J. Approx. Theory},
	Pages = {172 -- 194},
	Title = {Locally supported kernels for spherical spline interpolation},
	Volume = {89},
	Year = {1997}}

@article{FrGlSch98,
	Author = {W. Freeden and O. Glockner and M. Schreiner},
	Date-Modified = {2005-09-27 16:37:09 +0200},
	Journal = {J. of Geodesy},
	Pages = {586 -- 599},
	Title = {{Spherical panel clustering and its numerical aspects}},
	Volume = {72},
	Year = {1998}}

@inproceedings{frhu,
	Author = {R. Freund and Thomas Huckle},
	Booktitle = {{\rm XII} Householder Symp., Lake Arrowhead},
	Title = {Iterative solution of Linear systems with low displacement rank by preconditionined conjugate gradient--type algorithms}}

@inproceedings{frna94,
	Author = {R. W. Freund and N. M. Nachtigal},
	Booktitle = {Proceedings of the {\rm 14}th IMACS World Congress on Computational and Applied Mathematics},
	Editor = {W. F. Ames},
	Pages = {1253 -- 1256},
	Publisher = {IMACS},
	Title = {A New {K}rylov-Subspace Method for Symmetric Indefinite Linear Systems},
	Year = {1994}}

@article{frna95,
	Author = {R. W. Freund and N. M. Nachtigal},
	Journal = {Appl. Numer. Math.},
	Pages = {319 -- 341},
	Title = {Software for Simplified {L}anczos and {QMR} Algorithms},
	Volume = {19},
	Year = {1995}}

@book{fu,
	Address = {Berlin},
	Author = {Daniele Funaro},
	Publisher = {Springer--Verlag},
	Title = {Polynomial Approximation of Differential Equations},
	Year = {1992}}

@inproceedings{gesa66,
	Author = {W.M. Gentleman and G. Sande},
	Booktitle = {Fall Joint Computer Conference {\rm AFIPS}},
	Pages = {563 -- 578},
	Title = {Fast {F}ourier transform for fun and profit},
	Volume = {29},
	Year = {1966}}

@article{go97a,
	Author = {Jochen G\"ottelmann},
	Journal = {Preprint, University Mainz},
	Title = {Adaptive Multiscale Algorithms for the Spherical Advection Equation},
	Year = {1997}}

@article{go97b,
	Author = {Jochen G\"ottelmann},
	Journal = {Preprint, Univversity Mainz},
	Title = {Locally Supported Wavelets on Manifolds with Applications to the 2{D} sphere},
	Year = {1997}}

@article{gokaol95,
	Author = {I. Gohberg and Thomas Kailath and Vadim Olshevsky},
	Journal = {Math. Comput.},
	Pages = {1557 -- 1576},
	Title = {Fast {G}aussian elimination with partial pivoting for matrices with displacement structure},
	Volume = {64},
	Year = {1995}}

@book{gre,
	Address = {Philadelphia},
	Author = {Anne Greenbaum},
	Publisher = {SIAM},
	Title = {Iterative Methods foe Solving Linear Systems},
	Year = {1997}}

@book{green88,
	Address = {Cambridge},
	Author = {L. Greengard},
	Publisher = {MIT Press},
	Title = {The Rapid Evaluation of Potential Fields in Particle Systems},
	Year = {1988}}

@article{greenrokh87,
	Author = {L. Greengard and V. Rokhlin},
	Journal = {J. Comput. Phys.},
	Pages = {325 -- 348},
	Title = {A fast algorithm for particle simulations},
	Volume = {73},
	Year = {1987}}

@book{grsz,
	Address = {Los Angeles},
	Author = {U. Grenander and G. Szeg\"o},
	Publisher = {University of {C}alifornia {P}ress},
	Title = {Toeplitz Forms and Their Applications},
	Year = {1958}}

@article{hackbusch99,
	Author = {W. Hackbusch},
	Journal = {Computing},
	Pages = {89 -- 108},
	Title = {A sparse matrix arithmetic based on {$\cal H$}--matrices, {P}art {I}: introduction to {$\cal H$}--matrices},
	Volume = {62},
	Year = {1999}}

@article{hacknowak89,
	Author = {W. Hackbusch and Z. P. Nowak},
	Journal = {Numer. Math.},
	Pages = {463 -- 491},
	Title = {On the fast matrix multiplication in the boundary element method by panel clustering},
	Volume = {54},
	Year = {1989}}

@article{hana96,
	Author = {Martin Hanke and James Nagy},
	Journal = {Inverse Problems},
	Pages = {157 -- 173},
	Title = {Restoration of Atmospherically Blurred Images by Symmetric Indefinite Conjugate Gradient Techniques},
	Volume = {12},
	Year = {1996}}

@inproceedings{hanapl,
	Address = {Berlin},
	Author = {Martin Hanke and James Nagy and R. Plemons},
	Booktitle = {{N}umerical {L}inear {A}lgebra},
	Editor = {L. Reichel and A. Ruttan and R. S. Varga},
	Pages = {141 -- 163},
	Publisher = {de Gruyter},
	Title = {Preconditioned iterative regularization for ill--posed problems},
	Year = {1993}}

@article{harten94,
	Author = {A. Harten and I. Yad--Shalom},
	Journal = {SIAM J. Numer. Anal.},
	Pages = {1191 -- 1218},
	Title = {Fast multiresolution algorithms for matrix--vector multiplications},
	Volume = {31},
	Year = {1994}}

@book{he93,
	Address = {New York},
	Author = {P. Henrici},
	Publisher = {J. Wiley \& Sons},
	Title = {Applied and Computational Complex Analysis},
	Volume = {3},
	Year = {1993}}

@article{hebo,
	Author = {G. Heinig and A. Bojanczyk},
	Journal = {Linear Algebra Appl.},
	Pages = {193 -- 226},
	Title = {Transformation techniques for {T}oeplitz and {T}oeplitz--plus--{H}ankel matrices},
	Volume = {254},
	Year = {1997}}

@techreport{hemoro,
	Address = {Hanover},
	Author = {Dennis Healy and Sean S. B. Moore and Daniel Rockmore},
	Institution = {Dartmouth College},
	Title = {{Efficiency and stability issues in the numerical computation of Fourier transforms and convolutions on the 2-Sphere}},
	Year = {1994}}

@article{heot94,
	Author = {Lian Hemmingsson and Kurt Otto},
	Journal = {{\rm SIAM} J. Sci. Comput.},
	Pages = {47 -- 64},
	Title = {Analysis of semi--{T}oeplitz preconditioners for first order {PDE}s,},
	Volume = {17},
	Year = {1996}}

@article{hero,
	Author = {G. Heinig and K. Rost},
	Journal = {Linear Algebra Appl.},
	Pages = {225 -- 248},
	Title = {Representations of {T}oeplitz--plus--{H}ankel matrices using trigonometric transforms with application to fast matrix--vector multiplication},
	Volume = {275},
	Year = {1998}}

@inproceedings{hero00,
	Address = {Nova Science Inc.},
	Author = {G. Heinig and K. Rost},
	Booktitle = {Structured Matrices: Recent Developments in Theory and Computation},
	Editor = {D. Bini and E. Tyrtyshnikov and P. Yalamov},
	Pages = {135 -- 148},
	Series = {Advances in Computation: Theory and Practice},
	Title = {{Representations of Cauchy matrices with Chebyshev nodes using trigonometric transformations}},
	Volume = {4},
	Year = {2001}}

@article{hest,
	Author = {M.R. Hestenes and E. Stiefel},
	Journal = {J. Res. Nat. Bur. Standards},
	Pages = {409 -- 436},
	Title = {Methods of Conjugate Gradients for Solving Linear Systems},
	Volume = {49},
	Year = {1952}}

@book{hi96,
	Address = {Philadephia},
	Author = {N. J. Higham},
	Publisher = {SIAM},
	Title = {Accuracy and Stability of Numerical Algorithms},
	Year = {1996}}

@book{hojo,
	Address = {Cambridge},
	Author = {Roger A. Horn and Charles R. Johnson},
	Publisher = {Cambridge University Press},
	Title = {Matrix Analysis},
	Year = {1985}}

@book{hojo2,
	Address = {Cambridge},
	Author = {Roger A. Horn and Charles R. Johnson},
	Publisher = {Cambridge University Press},
	Title = {Topics in Matrix Analysis},
	Year = {1991}}

@article{hootI,
	Author = {Sverker Holmgren and Kurt Otto},
	Journal = {BIT},
	Pages = {544 -- 559},
	Title = {A framework for Polynomial Preconditioners based on Fast transforms {I}: Theory},
	Volume = {38},
	Year = {1998}}

@article{hootII,
	Author = {Sverker Holmgren and Kurt Otto},
	Journal = {BIT},
	Pages = {721 -- 736},
	Title = {A framework for Polynomial Preconditioners based on Fast transforms {II}: {PDE} applications},
	Volume = {38},
	Year = {1998}}

@inproceedings{huc91,
	Address = {Br\"ussel},
	Author = {Thomas Huckle},
	Booktitle = {{I}terative methods in Linear Algebra},
	Editor = {R. Beauwens and P. de Groen},
	Publisher = {Elsevier Science},
	Title = {Circulant/Skewcirculant Matrices as preconditioners for {H}ermitian {T}oeplitz systems},
	Year = {1992}}

@article{huc92,
	Author = {Thomas Huckle},
	Journal = {{\rm SIAM} J. Matrix Anal. Appl.},
	Pages = {767 -- 777},
	Title = {Circulant and Skew--circulant Matrices for Solving {T}oeplitz Matrix Problems},
	Volume = {13},
	Year = {1992}}

@article{huc93,
	Author = {Thomas Huckle},
	Journal = {{\rm SIAM} J. Sci. Comput.},
	Pages = {531 -- 541},
	Title = {Some Aspects of Circulant Preconditoners},
	Volume = {14},
	Year = {1993}}

@techreport{huc94,
	Author = {Thomas Huckle},
	Institution = {Stanford University},
	Title = {Iterative Methods for {T}oeplitz--like Matrices},
	Type = {Report {SCCM}--94--05},
	Year = {1994}}

@article{huc94a,
	Author = {Thomas Huckle},
	Journal = {Bit},
	Pages = {99 -- 112},
	Title = {Fast transforms for tridiagonal linear equations},
	Volume = {34},
	Year = {1994}}

@inproceedings{huc94b,
	Address = {Snowbird},
	Author = {Thomas Huckle},
	Booktitle = {Proccedings of the 5th SIAM conference},
	Pages = {455 -- 459},
	Title = {A look--ahead algorithm for solving nonsymmetric linear {T}oeplitz equations},
	Year = {1994}}

@inproceedings{huc95,
	Address = {San Diego},
	Author = {Thomas Huckle},
	Booktitle = {{\rm SPIE}},
	Pages = {281 -- 292},
	Title = {Cauchy matrices and iterative methods for {T}oeplitz matrices},
	Year = {1995}}

@inproceedings{huc96,
	Address = {Cortona},
	Author = {Thomas Huckle},
	Booktitle = {Workshop on {T}oeplitz Matrices},
	Title = {Iterative methods for ill--conditioned {T}oeplitz matrices},
	Year = {1996}}

@article{jahawi,
	Author = {Ruediger Jakob--Chien and James J. Hack and David L. Williamson},
	Journal = {J. Comput. Phys.},
	Pages = {164 -- 187},
	Title = {Spectral Transfom Solutions on the Shallow Watter Test Set},
	Volume = {119},
	Year = {1995}}

@article{jestwa,
	Author = {Kurt Jetter and Joachim St\"ockler and James D. Ward},
	Journal = {Preprint},
	Title = {Errors estimates for scattered data interpolation on spheres},
	Year = {1997}}

@article{jin97,
	Author = {Xiao--Qing Jin},
	Journal = {Appl. Math. Comput.},
	Pages = {3 -- 12},
	Title = {A Note on Construction of Circulant Preconditioners from Kernels},
	Volume = {83},
	Year = {1997}}

@article{kaol,
	Author = {Thomas Kailath and Vadim Olshevsky},
	Journal = {Calcolo},
	Pages = {191 -- 208},
	Title = {Displacement structure approach to discrete--trigonometric--transform based preconditioners of {G}.~{S}trang type and of {T}.~{C}han type},
	Volume = {33},
	Year = {1996}}

@article{kaol97,
	Author = {Thomas Kailath and Vadim Olshevsky},
	Journal = {Linear Algebra Appl.},
	Pages = {251 -- 302},
	Title = {Diagonal Pivoting for Partially Reconstructible {C}auchy--like {M}atries, With Applications to {T}oeplitz--like Linear Equations and to Boundary Rational Matrix Interpolation Problems},
	Volume = {254},
	Year = {1997}}

@inproceedings{koschst95,
	Author = {M. Konik and R. Schneider and G. Steidl},
	Booktitle = {Approximation Theory VIII: Approximation and Decomposition},
	Editor = {C. K. Chui and L.~L. Schumaker},
	Optpages = {225 -- 234},
	Publisher = {World Scientific Publishing},
	Title = {Matrix sparsification by discrete multiscale methods},
	Year = {1995}}

@article{kuku92,
	Author = {T. Ku and C.C. Jay Kuo},
	Journal = {{\rm SIAM} J. Sci. Stat. Comput.},
	Pages = {951 -- 955},
	Title = {On the spectrum of a family of preconditioned block {T}oeplitz matrices},
	Volume = {16},
	Year = {1992}}

@article{kuku93,
	Author = {T. Ku and C.C.Jay Kuo},
	Journal = {{\rm SIAM} J. Matrix Anal. Appl.},
	Pages = {146 -- 165},
	Title = {Spectral properties of preconditioned rational {T}oeplitz matrices},
	Volume = {14},
	Year = {1993}}

@article{kuku93b,
	Author = {T. Ku and C.C.Jay Kuo},
	Journal = {{\rm SIAM} J. Numer. Anal.},
	Pages = {824 -- 844},
	Title = {Preconditioned iterative methode for solving {T}oeplitz--plus--{H}ankel systems},
	Volume = {30},
	Year = {1993}}

@article{kuku93c,
	Author = {T. Ku and C.C.Jay Kuo},
	Journal = {{\rm SIAM} J. Matrix Anal. Appl.},
	Pages = {521 -- 544},
	Title = {Spectral properties of preconditioned rational {T}oeplitz matrices: The nonsymmetric Case},
	Volume = {14},
	Year = {1993}}

@book{loan,
	Address = {Philadelphia},
	Author = {Charles Van Loan},
	Publisher = {SIAM},
	Title = {Computational Frameworks for the Fast Fourier Transform},
	Year = {1992}}

@inproceedings{maro96,
	Author = {David K. Maslen and Daniel N. Rockmore},
	Booktitle = {DIMACS Workshop in Groups and Computattion},
	Editor = {L. Finkelstein and W. Kantor},
	Pages = {183 -- 238},
	Title = {{Generalized FFTs - A Survey of Some Recent Results}},
	Volume = {28},
	Year = {1995}}

@inproceedings{mave,
	Author = {J.C. Mason and E. Venturino},
	Booktitle = {Multivariate Approximation and Splines},
	Editor = {G. N\"urnberger and Jochen W. Schmidt and Guido Walz},
	Pages = {153 -- 165},
	Publisher = {Birkh\"auser},
	Title = {Integration methods of {C}lenshaw--{C}urtis type, based on four kinds of {C}hebyshev polynomials},
	Year = {1997}}

@phdthesis{mo,
	Author = {Sean S. B. Moore},
	School = {Dartmouth College},
	Title = {Efficient stabilization methods for fast polynomial transforms},
	Year = {1994}}

@article{mohero,
	Author = {Sean S. B. Moore and Dennis Healy and Daniel Rockmore},
	Journal = {Linear Algebra Appl.},
	Pages = {249 -- 299},
	Title = {Symmetry stabilization for fast discrete monomial transforms and polynomial evaluation},
	Volume = {192},
	Year = {1993}}

@inproceedings{napl,
	Author = {James G. Nagy and Robert J. Plemmons},
	Booktitle = {Advanced Signal Processing Algorithms, Architectures and Implementations {\rm II}},
	Note = {35 -- 46},
	Title = {Some fast {T}oeplitz least squares algorithms}}

@article{ng94,
	Author = {Michael K. Ng},
	Journal = {Elec. Trans. Numer. Anal.},
	Pages = {154 -- 170},
	Title = {Fast iterative Methods for Solving {T}oeplitz--plus--{H}ankel Least Squares Problems},
	Volume = {2},
	Year = {1994}}

@article{ng97,
	Author = {Michael K. Ng},
	Journal = {Linear Algebra Appl.},
	Pages = {307 -- 327},
	Title = {Band preconditioners for Block--{T}oeplitz --{T}oeplitz--block--systems},
	Volume = {259},
	Year = {1997}}

@article{ngchta99,
	Author = {Michael K. Ng and Raymond H. Chan and Wun-Cheung Tang},
	Journal = {{\rm SIAM} J. Sci. Comput.},
	Pages = {851 -- 866},
	Title = {A Fast Algorithm for Deblurring Models with Neumann Boundary Conditions},
	Volume = {21},
	Year = {1999}}

@article{od,
	Author = {T. Oda},
	Journal = {{\rm IEEE} Trans. Comm.},
	Pages = {737 -- 745},
	Title = {Moment analysis for traffic associated with {M}arkovian queuing systems},
	Volume = {39},
	Year = {1991}}

@article{pa86,
	Author = {Sa V. Parter},
	Journal = {Linear Algebra Appl.},
	Pages = {115 -- 130},
	Title = {On the distribution of singular values of {T}oeplitz matrices},
	Volume = {80},
	Year = {1986}}

@article{pl1,
	Author = {Robert J. Plemmons},
	Journal = {Preprint},
	Title = {Some applications of iterative deconvolution},
	Year = {1994}}

@article{plseta95,
	Author = {Gerlind Plonka and Kathi Selig and Manfred Tasche},
	Journal = {Adv. Comput. Math.},
	Pages = {357 -- 358},
	Title = {On the construction of wavelets on a bounded interval},
	Volume = {4},
	Year = {1995}}

@inproceedings{plta94,
	Address = {Academic Press, San Diego},
	Author = {Gerlind Plonka and Manfred Tasche},
	Booktitle = {Wavelets: Theory, Algorithms, and Applications},
	Editor = {Carles. K. Chui and L. Montefusco and L. Puccio},
	Pages = {137 -- 151},
	Title = {A unified approch to periodic wavelets},
	Year = {1994}}

@article{po01,
	Author = {Daniel Potts},
	Journal = {Linear Algebra Appl.},
	Pages = {353 -- 370},
	Title = {Fast Algorithms for Discrete Polynomial Transforms on arbitrary Grids},
	Volume = {366},
	Year = {2003}}

@article{post97,
	Author = {Daniel Potts and Gabriele Steidl},
	Journal = {Linear Algebra Appl.},
	Pages = {265 -- 292},
	Title = {Optimal trigonometric preconditioners for nonsymmetric {T}oeplitz systems},
	Volume = {281},
	Year = {1998}}

@article{post98,
	Author = {Daniel Potts and Gabriele Steidl},
	Journal = {BIT},
	Pages = {513 -- 533},
	Title = {Preconditioners for ill--conditioned {T}oeplitz matrices},
	Volume = {39},
	Year = {1999}}

@article{post02,
	Author = {Daniel Potts and Gabriele Steidl},
	Journal = {{\rm SIAM} J. Sci. Comput.},
	Pages = {2013 -- 2037},
	Title = {Fast Summation at nonequispaced knots by {NFFTs}},
	Volume = {24},
	Year = {2003}}

@article{postni04,
	Author = {Daniel Potts and Gabriele Steidl and Arthur Nieslony},
	Journal = {Numer. Math.},
	Pages = {329 -- 351},
	Title = {Fast convolution with radial kernels at nonequispaced knots},
	Volume = {98},
	Year = {2004}}

@article{post99,
	Author = {Daniel Potts and Gabriele Steidl},
	Journal = {{\rm SIAM} J. Sci. Comput.},
	Pages = {1741 -- 1761},
	Title = {Preconditioners for ill--conditioned {T}oeplitz matrices constructed from positive kernels},
	Volume = {22},
	Year = {2001}}

@article{postta02,
	Author = {Daniel Potts and Gabriele Steidl and Manfred Tasche},
	Journal = {J. Concrete Appl. Math.},
	Pages = {1 -- 36},
	Title = {Numerical stability of fast trigonometric transforms - a worst case study},
	Volume = {1},
	Year = {2003}}

@inproceedings{postta01,
	Address = {Boston},
	Author = {Daniel Potts and Gabriele Steidl and Manfred Tasche},
	Booktitle = {Modern Sampling Theory: Mathematics and Applications},
	Chapter = {12},
	Editor = {Benedetto, John. J. and Ferreira, Paulo J. S. G.},
	Pages = {247 -- 270},
	Publisher = {Birkh\"auser},
	Title = {{Fast Fourier transforms for nonequispaced data: A tutorial}},
	Year = {2001}}

@inproceedings{BoWaOrGr01,
	Address = {Boston},
	Author = {Marc Bourgeois and Frank T.A.W. Wajer and Dirk van Ormondt and Danielle Graveron-Demilly},
	Booktitle = {Modern Sampling Theory: Mathematics and Applications},
	Chapter = {16},
	Editor = {Benedetto, John. J. and Ferreira, Paulo J. S. G.},
	Pages = {341 -- 363},
	Publisher = {Birkh\"auser},
	Title = {{Rekonstruction of MRI images from non-uniform sampling and its application to intrascan motion correction in functional MRI}},
	Year = {2001}}

@inproceedings{postta96,
	Address = {Birkh\"auser, Basel},
	Author = {Daniel Potts and Gabriele Steidl and Manfred Tasche},
	Booktitle = {Multivariate Approximation and Splines},
	Editor = {G. N\"urnberger and Jochen W. Schmidt and Guido Walz},
	Pages = {219 -- 234},
	Title = {Trigonometric Preconditioners for block {T}oeplitz Systems},
	Year = {1997}}

@inproceedings{postta96a,
	Address = {World Scientific Publ., Singapore},
	Author = {Daniel Potts and Gabriele Steidl and Manfred Tasche},
	Booktitle = {Advanced Topics in Multivariate Approximation},
	Editor = {F. Fontanella and Kurt Jetter and P.--J. Laurent},
	Pages = {287 -- 301},
	Title = {{Kernels of Spherical Harmonics and Spherical Frames}},
	Year = {1996}}

@article{postta97,
	Author = {Daniel Potts and Gabriele Steidl and Manfred Tasche},
	Journal = {Linear Algebra Appl.},
	Pages = {433 -- 450},
	Title = {Fast and stable algorithms for discrete spherical {F}ourier transforms},
	Volume = {275},
	Year = {1998}}

@article{postta98,
	Author = {Daniel Potts and Gabriele Steidl and Manfred Tasche},
	Journal = {Math. Comput.},
	Pages = {1577 -- 1590},
	Title = {Fast algorithms for discrete polynomial transforms},
	Volume = {67},
	Year = {1998}}

@inproceedings{pota95,
	Address = {World Scientific Publ., Singapore},
	Author = {Daniel Potts and Manfred Tasche},
	Booktitle = {{Approximation Theory VIII}},
	Editor = {Charle K. Chui and Larry L. Schumaker},
	Pages = {335 -- 342},
	Title = {{Interpolatory Wavelets on the Sphere}},
	Year = {1995}}

@article{pottsdipl,
	Author = {Daniel Potts},
	Journal = {Diplomarbeit, Universit\"at Rostock},
	Title = {Wavelets auf der {S}ph\"are},
	Year = {1995}}

@article{pottshabil,
	Author = {Daniel Potts},
	Journal = {Habilitation, Universit\"at zu L\"ubeck},
	Note = {submitted},
	Title = {{Schnelle Fourier-Transformationen f\"ur nicht\-\"aqui\-distante Daten und Anwendungen}},
	Year = {2003}}

@misc{pottsdiss,
	Author = {Daniel Potts},
	Howpublished = {Dissertation, Universit\"at Rostock},
	Title = {Schnelle {P}olynomtransformation und {V}orkonditionierer f\"ur {T}oeplitz--{M}atrizen},
	Year = {1998}}

@article{ra71,
	Author = {G. U. Ramos},
	Journal = {Math. Comput.},
	Pages = {757 -- 768},
	Title = {Roundoff error analysis of the fast {F}ourier transform},
	Volume = {25},
	Year = {1971}}

@book{rayi,
	Address = {Boston},
	Author = {K.R. Rao and P. Yip},
	Publisher = {Academic Press},
	Title = {Discrete Cosine Transforms},
	Year = {1990}}

@article{rchanling,
	Author = {R. H. Chan and F. R. Lin and C. F. Chan},
	Journal = {J. Numer. Math.},
	Pages = {13 -- 36},
	Title = {A Fast Solver for {F}redholm Equations of the Second Kind with Weakly Singular Kernels},
	Volume = {10},
	Year = {2002}}

@book{recipes,
	Address = {Cambridge},
	Author = {W. H. Press and S. A. Teukolsky and W. T. Vetterling and B. P. Flannery},
	Publisher = {Cambridge University Press},
	Title = {Numerical Recipes in {C}},
	Year = {1992}}

@inproceedings{ro96,
	Author = {Daniel N. Rockmore},
	Booktitle = {DIMACS Worshop in Groups and Computattion},
	Editor = {L. Finkelstein and W. Kantor},
	Pages = {183 -- 238},
	Title = {{Some applications of generalized FFTs}},
	Volume = {28},
	Year = {1995}}

@book{saad,
	Address = {Boston},
	Author = {Y. Saad},
	Publisher = {PWS Publ.},
	Title = {Iterative Methods for Sparse Linear Systems},
	Year = {1996}}

@article{sch96,
	Author = {James C. Schatzman},
	Journal = {{\rm SIAM} J. Sci. Comput.},
	Pages = {1150 -- 1166},
	Title = {Accuracy of the discrete {F}ourier transform and the fast {F}ourier transform},
	Volume = {17},
	Year = {1996}}

@article{sctr91,
	Author = {Larry L. Schumaker and G. Traas},
	Journal = {Numer. Math.},
	Pages = {133 -- 144},
	Title = {Fitting scattered data on spherelike surefaces using tensor products of trigonometric and polynomial splines},
	Volume = {60},
	Year = {1991}}

@book{scwe,
	Address = {Berlin},
	Author = {Robert Schaback and Helmut Werner},
	Publisher = {Springer},
	Title = {Numerische Mathematik},
	Year = {1992}}

@article{se94,
	Author = {Stefano Serra},
	Journal = {BIT},
	Pages = {579 -- 594},
	Title = {Preconditioning strategies for asymptotically ill--conditioned block {T}oeplitz systems},
	Volume = {34},
	Year = {1994}}

@article{se95,
	Author = {Stefano Serra},
	Journal = {Calcolo},
	Pages = {153 -- 176},
	Title = {New {PCG} based algorithms for the solution of {H}ermitian {T}oeplitz systems},
	Volume = {32},
	Year = {1995}}

@article{se96,
	Author = {Stefano Serra},
	Journal = {{\rm SIAM} J. Matrix Anal. Appl.},
	Pages = {1007 -- 1019},
	Title = {Preconditioning strategies for {H}ermitian {T}oeplitz systems with nondefinite generating functions},
	Volume = {17},
	Year = {1996}}

@article{se97,
	Author = {Stefano Serra},
	Journal = {Linear Algebra Appl.},
	Pages = {139 -- 161},
	Title = {The Extension of the Concept of Generating Function to a Class of Preconditioned {T}oeplitz Matrices},
	Volume = {267},
	Year = {1997}}

@article{se98a,
	Author = {Stefano Serra},
	Journal = {Linear Algebra Appl.},
	Pages = {109 -- 129},
	Title = {On the extreme eigenvalues of {H}ermitian (block) {T}oeplitz matrices},
	Volume = {270},
	Year = {1998}}

@article{se98b,
	Author = {Stefano Serra},
	Journal = {Linear Algebra Appl.},
	Pages = {169 -- 183},
	Title = {An ergodic theorem for classes of preconditiones matrices},
	Volume = {282},
	Year = {1998}}

@article{se98c,
	Author = {Stefano {Serra~Capizzano}},
	Journal = {Linear Algebra Appl.},
	Pages = {307 -- 334},
	Title = {Korovkin theorems and linear positive gram matrix algebra approximations of {T}oeplitz matrices},
	Volume = {284},
	Year = {1998}}

@article{se98d,
	Author = {Stefano {Serra~Capizzano}},
	Journal = {{\rm SIAM} J. Matrix Anal.},
	Optpages = {446 -- 465},
	Title = {{T}oeplitz preconditioners constructed from linear approximation processes},
	Volume = {20},
	Year = {1998}}

@article{se99a,
	Author = {Stefano {Serra~Capizzano}},
	Journal = {{\rm SIAM} J. Numer. Anal.},
	Pages = {1078 -- 1103},
	Title = {How to choose the best iterative strategy for symmetric {T}oeplitz systems ?},
	Volume = {36},
	Year = {1999}}

@article{se99b,
	Author = {Stefano {Serra~Capizzano}},
	Journal = {Math. Comput.},
	Pages = {793 -- 803},
	Title = {Superlinear {PCG} methods for symmetric {T}oeplitz systems},
	Volume = {68},
	Year = {1999}}

@article{sei,
	Author = {A. Seila},
	Journal = {Amer. J. Math. Mgt. Sci.},
	Pages = {17 -- 45},
	Title = {Multivariate estimation of conditional performance measure in regenerative simulation},
	Volume = {10},
	Year = {1990}}

@article{ser97,
	Author = {Stefano Serra},
	Journal = {Math. Comput.},
	Pages = {651 -- 665},
	Title = {Optimal, quasi--optimal and superlinear band--{T}oeplitz preconditioners for asymptotically ill--conditioned positive definite {T}oeplitz systems},
	Volume = {66},
	Year = {1997}}

@article{sety1,
	Author = {Stefano {Serra~Capizzano} and Evgenij E. Tyrtyshnikov},
	Journal = {{\rm SIAM} J. Matrix Anal.},
	Pages = {431 -- 439},
	Title = {Any Circulant--like preconditioner for multilevel matrices is not superlinear},
	Volume = {21},
	Year = {1999}}

@article{sety2,
	Author = {Stefano {Serra~Capizzano} and Evgenij E. Tyrtyshnikov},
	Journal = {Preprint},
	Title = {How to prove that a preconditioner can not be optimal},
	Year = {1998}}

@article{son,
	Author = {P. Sonneveld},
	Journal = {{\rm SIAM} J. Sci. Stat. Comput.},
	Pages = {36 -- 52},
	Title = {A fast {L}anczos-type solver for non-symmetric linear systems},
	Volume = {10},
	Year = {1989}}

@article{st,
	Author = {G. Steidl},
	Journal = {Appl. Algebra Eng. Commun. Comput.},
	Pages = {39 -- 46},
	Title = {Fast radix--$p$ discrete cosine transform},
	Volume = {3},
	Year = {1992}}

@article{st01,
	Author = {A. Nieslony and G. Steidl},
	Journal = {Linear Algebra Appl.},
	Pages = {337 -- 351},
	Title = {{Approximate factorizations of Fourier matrices with nonequispaced knots}},
	Volume = {266},
	Year = {2003}}

@article{st93,
	Author = {Vasili Strela},
	Journal = {Matrix Methods and Algorithms, {\rm IVM RAN} Moscow},
	Note = {9 -- 46},
	Title = {Exploration of circulant preconditioning properties},
	Year = {1993}}

@article{st97,
	Author = {G. Steidl},
	Journal = {Adv. Comput. Math.},
	Pages = {337 -- 353},
	Title = {A Note on Fast {F}ourier Transforms for Nonequispaced Grids},
	Volume = {9},
	Year = {1998}}

@article{str86,
	Author = {Gilbert Strang},
	Journal = {Studies in Appl. Math.},
	Pages = {171 -- 176},
	Title = {A proposal for {T}oeplitz matrix calculations},
	Volume = {74},
	Year = {1986}}

@book{stsu,
	Author = {G.W. Stewart and J. Sun},
	Publisher = {Academic Press, Boston},
	Title = {Matrix Perturbation Theory},
	Year = {1990}}

@article{stta,
	Author = {G. Steidl and M. Tasche},
	Journal = {Math. Comput.},
	Pages = {281 -- 296},
	Title = {A polynomial approach to fast algorithms for discrete {F}ourier--cosine and {F}ourier--sine transforms},
	Volume = {56},
	Year = {1991}}

@book{sttabuch,
	Author = {Gabrielle Steidl and Manfred Tasche},
	Publisher = {8 Lehrbriefe der FernUniv. Hagen},
	Title = {Schnelle Fourier--Transformation -- Theorie und Anwendungen},
	Year = {1997}}

@article{stty,
	Author = {V. Strela and Evgenij E. Tyrtyshnikov},
	Journal = {Matrix Methods and Algorithms, {\rm IVM RAN} Moscow},
	Note = {66 -- 73},
	Title = {Some generalizations of circulant preconditioner},
	Year = {1990}}

@article{stty96,
	Author = {Vasili V. Strela and Evgenij E. Tyrtyshnikov},
	Journal = {Math. Comput.},
	Pages = {137 -- 150},
	Title = {Which Circulant Preconditioner is better?},
	Volume = {65},
	Year = {1996}}

@article{suchch,
	Author = {Hai--Wei Sun and Raymond H. Chan and Qian--Shun Chang},
	Journal = {Preprint},
	Title = {A Note on the Convergence of the Two--Grid Methode for {T}oeplitz Systems},
	Year = {1997}}

@article{sujich,
	Author = {Hai-Wei Sun and Xiao-Qing Jin and Qian-Shun Chang},
	Journal = {Preprint, The Chinese University of Hong Kong},
	Title = {Muligrid Method for ill--conditioned block {T}oeplitz systems},
	Year = {1998}}

@article{tchan,
	Author = {Tony F. Chan},
	Journal = {{\rm SIAM} J. Sci. Stat. Comput.},
	Pages = {766 -- 771},
	Title = {An optimal circulant preconditioner for {T}oeplitz systems},
	Volume = {9},
	Year = {1988}}

@inproceedings{tr90,
	Address = {Chapman and Hall, London},
	Author = {N. Trefethen},
	Booktitle = {Algorithms for Approximation II},
	Editor = {J. Mason and M. Cox},
	Optpublisher = {Chapman and Hall},
	Title = {{Approximation Theory and Numerical Linear Algebra}},
	Year = {1990}}

@article{ty92,
	Author = {Evgenij E. Tyrtyshnikov},
	Journal = {{\rm SIAM} J. Matrix Anal. Appl.},
	Pages = {459 -- 473},
	Title = {Optimal and superoptimal circulant preconditioners},
	Volume = {13},
	Year = {1992}}

@article{ty95,
	Author = {Evgenij E. Tyrtyshnikov},
	Journal = {Linear Algebra Appl.},
	Pages = {1 -- 23},
	Title = {Circulant preconditioners with unbounded inverses},
	Volume = {216},
	Year = {1995}}

@article{ty96,
	Author = {Evgenij E. Tyrtyshnikov},
	Journal = {Linear Algebra Appl.},
	Pages = {1 -- 43},
	Title = {A unifying approach to some old and new theorems on distribution and clustering},
	Volume = {232},
	Year = {1996}}

@article{ty97,
	Author = {Evgenij E. Tyrtyshnikov and A.Y. Yeremin and N.L. Zamarashkin},
	Journal = {Linear Algebra Appl.},
	Pages = {25 -- 48},
	Title = {Clusters -- Preconditioners -- Convergence},
	Volume = {263},
	Year = {1997}}

@article{tyrt96,
	Author = {E. E. Tyrtyshnikov},
	Journal = {Calcolo},
	Pages = {47 -- 57},
	Title = {Mosaic--skeleton approximations},
	Volume = {33},
	Year = {1996}}

@article{tyrtgoye97,
	Author = {S. A. Goreinov and E. E. Tyrtyshnikov and E. E. Yeremin},
	Journal = {Numer. Linear Algebra Appl.},
	Pages = {273 -- 294},
	Title = {Matrix--free iterative solution strategies for large dense systems},
	Volume = 4,
	Year = 1997}

@book{volo,
	Address = {Berlin},
	Author = {R.A. DeVore and G.G. Lorentz},
	Publisher = {Springer--Verlag},
	Title = {Constructive Approximation},
	Year = {1993}}

@book{vore,
	Address = {Berlin},
	Author = {R. A. DeVore},
	Publisher = {Springer},
	Series = {Lecture Notes in Mathematics},
	Title = {The Approximation of Continuous Functions by Positive Linear Operators},
	Volume = {293}}

@article{wa,
	Author = {Z. Wang},
	Journal = {{\rm IEEE} Trans. Acoust. Speech Signal Process},
	Pages = {803 -- 816},
	Title = {Fast algorithms for the discrete {W} transform and for the discrete {F}ourier transform},
	Volume = {32},
	Year = {1984}}

@article{ware98,
	Author = {Antony F. Ware},
	Journal = {{\rm SIAM} Rev.},
	Pages = {838 -- 856},
	Title = {Fast Approximate {F}ourier Transforms for Irregularly Spaced Data},
	Volume = {40},
	Year = {1998}}

@phdthesis{weindiss,
	Author = {Ilona Weinreich},
	School = {RWTH Aachen},
	Title = {Biorthogonale Wavelets auf der Sph\"are},
	Year = {1997}}

@book{wi84,
	Address = {Boston},
	Author = {J. Wimp},
	Publisher = {Pitman},
	Title = {Computation with Recurrence Relations},
	Year = {1984}}

@book{wilk,
	Address = {Oxford},
	Author = {J. Wilkinson},
	Publisher = {Clarendon Press},
	Title = {The Algebraic Eigenvalue Problem},
	Year = {1965}}

@article{ya98,
	Author = {P. Y. Yalamov},
	Journal = {Preprint, University of Rousse},
	Title = {{Improvements of some bounds on the stability of fast {H}elmholtz solvers}},
	Year = {1998}}

@article{ZhHoLi03,
	Author = {X. Zhou and Y. C. Hon and Y. Li},
	Journal = {Preprint},
	Title = {Overlapping domain decomposition methods by radial functions},
	Year = {2003}}

@book{niuv,
	Address = {Basel},
	Author = {Arnold F. Nikiforov and Vasilii B. Uvarov},
	Date-Modified = {2005-09-27 17:19:05 +0200},
	Publisher = {Birkh{\"a}user},
	Title = {{Special Functions of Mathematical Physics}},
	Year = {1988}}

@book{prtevefl,
	Address = {Cambridge},
	Author = {Press, Teukolsky, Vetterling and Flannery},
	Publisher = {Cambridge University Press},
	Title = {Numerical Recipes in C++, Second Edition},
	Year = {2002}}

@book{co,
	Author = {Matthias Conrad and J{\"u}rgen Prestin},
	Editor = {M. S. Floater and A. Iske and E. Quak},
	Publisher = {Springer-Verlag},
	Title = {Tutorials on Multiresolution in Geometric Modelling},
	Year = {2002}}

@book{dara,
	Author = {Philip J. Davis and Philip Rabinowitz},
	Publisher = {Academic Press Inc.},
	Title = {Methods of Numerical Integration (Second Edition)},
	Year = {1984}}

@misc{co2,
	Author = {Matthias Conrad},
	Howpublished = {Diploma thesis, Institute for Applied Mathematics, University of Hamburg},
	Title = {Approximation und Multiskalenzerlegung auf der Sph{\"a}re},
	Year = {2001}}

@misc{keiner05,
	Author = {Jens Keiner},
	Date-Modified = {2005-09-27 17:17:06 +0200},
	Howpublished = {Diploma thesis, Institut f{\"u}r Mathematik, Universit{\"a}t zu L{\"u}beck},
	Title = {{Fast Spherical Fourier Transforms and Applications}},
	Year = {2005}}

@article{roty,
	Author = {Vladimir Rokhlin and Mark Tygert},
	Journal = {Research Report YALEU/DCS/RR-1309},
	Title = {Fast Algorithms for Spherical Harmonic Expansions},
	Year = {2004}}

@article{bochner1950,
	Author = {S. Bochner},
	Journal = {Ann. of Math.},
	Optpages = {68 -- 91},
	Optvolume = {51},
	Title = {Quasi-analytic Functions, Laplace operator, Positive Kernels},
	Year = {1950}}

@article{bochner1954,
	Author = {S. Bochner},
	Journal = {Proc. Nat. Acad. Sci. USA},
	Optpages = {1141 -- 1147},
	Optvolume = {40},
	Title = {Positive Zonale Functions on Spheres},
	Year = {1954}}

@article{frsc,
	Author = {Willi Freeden and Michael Schreiner},
	Journal = {Preprint},
	Optpages = {N/A},
	Optvolume = {N/A},
	Title = {Multiresolution Analysis by Spherical Up-Functions},
	Year = {N/A}}

@article{cotu,
	Author = {J. W. Cooley and J. W. Tukey},
	Journal = {Math. Computat.},
	Optpages = {297 -- 301},
	Optvolume = {19},
	Title = {An algorithm for the machine calculation of complex Fourier series},
	Year = {1965}}

@article{hejobu,
	Author = {M. T. Heideman, D. H. Johnson, and C. S. Burrus},
	Journal = {IEEE Acoustics, Speech, and Signal Processing Magazine},
	Optpages = {14 -- 21},
	Optvolume = {1},
	Title = {Gauss and the history of the FFT},
	Year = {1984}}

@book{gauss,
	Author = {Carl Friedrich Gauss},
	Publisher = {K{\"o}nigliche Gesellschaft der Wissenschaften, G{\"o}ttingen},
	Title = {Nachlass: Theoria interpolationis methodo nova tractata},
	Year = {1866}}

@article{bahu01,
	Author = {Simon Hubbert and Brad Baxter},
	Date-Modified = {2005-09-26 19:20:33 +0200},
	Journal = {Progress in Multivariate Approximation},
	Local-Url = {file://localhost/Users/keiner/Documents/papers/Hubbert/Radial%20basis%20functions%20for%20the%20sphere.pdf},
	Pages = {33 -- 47},
	Publisher = {Birkh{\"a}user},
	Series = {International Series of Numerical Mathematics},
	Title = {Radial basis functions for the sphere},
	Volume = {137},
	Year = {2001}}

@article{bahu05,
	Author = {Simon Hubbert},
	Note = {submitted for publication},
	Title = {Computing with radial basis functions on the sphere}}